4713 6279
1000 648 1209 708 alcantara
1240 649 1327 709 dela
1358 650 1488 710 orden
1524 650 1567 710 de
1598 650 1746 710 cister.
1783 650 1994 710 Comien¬
2024 650 2067 710 ça
2098 650 2136 710 el
2160 650 2333 710 prologo
2370 652 2439 712 del

1000 710 1176 770 maestro
1206 712 1395 772 Antonio
1425 712 1467 772 de
1492 712 1692 772 lebri¬xa
1723 714 1947 774 grammatico
1978 714 2069 774 enla
2094 714 2428 774 interpretacion

995 774 1108 834 delas
1147 774 1367 834 palalbras
1406 776 1659 836 castellanas
1696 776 1740 836 en
1785 776 1937 836 lengua
1974 776 2126 836 latina.
2208 778 2341 838 Leelo
2385 778 2423 838 en

1000 837 1131 897 buena
1163 839 1230 899 ora
1289 840 1466 900 (black)
1479 840 1499 900 c
1525 840 1637 900 Omo
1663 839 1808 899 quiera
1841 838 1920 898 que
1946 838 1979 898 la
2032 838 2156 898 cuënta
2182 838 2228 898 de
2255 840 2314 900 mi
2334 840 2426 900 vida

1003 902 1237 962 qurria...
1263 902 1371 962 (col.
1390 904 1437 964 2)
1450 904 1571 964 (red)
1591 904 1645 964 Ad
1678 902 2139 962 magnificentissimum
2192 902 2225 962 ac
2252 903 2425 963 perinde

1006 962 1186 1022 illustre3
1240 965 1313 1025 D.
1327 966 1514 1026 Ioannem
1561 966 1855 1026 stunicam...
1883 966 1943 1026 (l.
1956 966 2003 1026 7)
2023 966 2130 1026 Lege
2157 968 2391 1028 foeliciter.

1010 1028 1171 1088 (black)
1190 1028 1274 1088 cVm
1326 1028 1474 1088 omnes
1506 1028 1609 1088 vitae
1680 1028 1770 1088 mee
1802 1028 1989 1088 rationes
2015 1028 2124 1088 quam
2215 1028 2435 1088 probatis-

998 1088 1126 1148 simas
1146 1090 1236 1150 esse
1287 1090 1391 1150 velim
1436 1090 1512 1150 ...
1532 1092 1603 1152 42,
1622 1091 1706 1151 col.
1719 1090 1764 1150 2,
1783 1090 1809 1150 l.
1822 1090 1893 1150 28.
1912 1090 2118 1150 Prologus
2143 1090 2394 1150 explicitus.

1006 1152 1106 1212 (52.)
1131 1152 1428 1212 Dictionarium
1485 1152 1522 1212 ex
1560 1152 1837 1212 hispaniensi
1856 1152 1888 1212 in
1926 1152 2084 1212 latinum
2146 1154 2442 1214 sersmonem.

984 1214 1220 1274 interprete
1258 1216 1373 1276 Aelio
1412 1216 1602 1276 Antonio
1641 1214 1973 1274 Nebrissenssi.
2011 1214 2081 1274 ege
2119 1214 2401 1274 Lfoeliciter.

1042 1276 1107 1336 ..
1166 1279 1292 1339 105b,
1325 1280 1410 1340 col.
1450 1280 1496 1340 2,
1529 1279 1562 1339 l.
1595 1278 1674 1338 43,
1714 1278 2004 1338 COLOPHON:
2044 1276 2162 1336 Aelij
2195 1279 2440 1339 Anthonij.

992 1338 1257 1398 Nebrissen.
1289 1340 1529 1400 gramatici
1561 1338 1832 1398 dictio-num
1897 1338 2110 1398 hispanan
2162 1339 2194 1399 in
2246 1340 2407 1400 latinum

1001 1402 1206 1462 sermonem
1224 1402 1435 1462 translatio
1491 1402 1690 1462 explicita
1714 1402 1801 1462 est:
1813 1402 1913 1462 atque
1932 1402 2136 1462 impressa
2162 1404 2447 1464 Salmanticę.

1041 1490 1175 1550 Folio.
1207 1490 1249 1550 al
1287 1490 1388 1550 b-n8
1448 1490 1511 1550 106
1544 1490 1694 1550 leaves,
1715 1491 1773 1551 the
1811 1492 1880 1552 last
1907 1492 2046 1552 blank.
2084 1492 2100 1552 2
2132 1491 2335 1551 columns.
2373 1488 2415 1548 62

996 1542 1035 1602 48
1063 1544 1158 1604 lines
1180 1544 1247 1604 and
1275 1544 1476 1604 headline,
1498 1542 1566 1602 218
1594 1542 1705 1602 (226)
1717 1542 1828 1602 X152
1855 1542 1956 1602 mm.
1984 1542 2146 1602 Types:
2169 1542 2230 1602 120
2263 1544 2331 1604 G.,
2347 1544 2436 1604 four

1001 1592 1091 1652 lines
1123 1592 1165 1652 on
1213 1592 1277 1652 1°:
1303 1594 1356 1654 91
1388 1594 1452 1654 G.
1494 1594 1653 1654 Capital
1680 1594 1839 1654 spaces,
1871 1594 1971 1654 some
2014 1594 2099 1654 with
2141 1595 2438 1655 guide-letters.

982 1644 1156 1704 Haebler
1186 1646 1281 1706 469.
1318 1647 1480 1707 Vindel,
1504 1648 1581 1708 vol.
1605 1648 1648 1708 2,
1665 1648 1713 1708 p.
1731 1648 1797 1708 79,
1821 1648 1893 1708 no.
1911 1648 1983 1708 53.
2013 1648 2114 1708 Hain
2151 1648 2295 1708 11683,
2319 1648 2378 1708 pt.
2402 1648 2438 1708 2.

994 1698 1326 1758 Gesamtkatalog
1360 1698 1483 1758 2219.

1045 1756 1136 1816 From
1182 1758 1238 1818 the
1269 1758 1442 1818 author's
1467 1760 1697 1820 statements
1722 1760 1926 1820 contained
1962 1760 1988 1820 in
2018 1760 2074 1820 his
2099 1760 2294 1820 prefatory
2324 1760 2436 1820 letter

1005 1810 1077 1870 (3°)
1103 1810 1186 1870 that
1211 1810 1253 1870 he
1289 1810 1361 1870 was
1393 1810 1481 1870 born
1517 1810 1548 1870 in
1584 1811 1646 1871 the
1677 1812 1765 1872 year
1797 1812 1926 1872 before
1957 1812 2019 1872 the
2050 1812 2163 1872 battle
2200 1812 2241 1872 of
2267 1812 2433 1872 Olmedo

1001 1862 1053 1922 (29
1089 1862 1203 1922 May,
1229 1864 1364 1924 1445),
1391 1864 1453 1924 and
1489 1864 1578 1924 that
1604 1864 1640 1924 at
1666 1862 1723 1922 the
1754 1862 1848 1922 time
1879 1862 1921 1922 of
1947 1862 2098 1922 writing
2129 1862 2170 1922 he
2207 1862 2279 1922 was
2311 1863 2337 1923 in
2373 1864 2435 1924 the

1004 1910 1195 1970 fifty-first
1216 1912 1301 1972 year
1322 1912 1359 1972 of
1380 1912 1433 1972 his
1454 1913 1545 1973 age,
1560 1914 1619 1974 the
1646 1914 1725 1974 date
1757 1914 1847 1974 1495
1874 1914 1942 1974 was
1964 1914 2170 1974 suggested
2197 1914 2239 1974 by
2266 1914 2435 1974 Haebler

992 1964 1073 2024 (469
1106 1964 1161 2024 n.)
1183 1964 1242 2024 for
1264 1964 1324 2024 the
1352 1964 1521 2024 printing
1553 1966 1592 2026 of
1614 1966 1668 2026 the
1695 1966 1876 2026 volume.
1908 1966 2034 2026 Other
2055 1966 2334 2026 biographical
2350 1966 2432 2026 data

981 2014 1158 2074 supplied
1190 2014 1216 2074 in
1242 2015 1305 2075 the
1325 2016 1430 2076 same
1451 2016 1602 2076 preface
1629 2016 1707 2076 (2°)
1723 2016 1885 2076 conflict
1900 2016 1984 2076 with
2015 2016 2089 2076 this
2109 2016 2224 2076 view,
2240 2017 2438 2077 however,

988 2066 1054 2126 and
1090 2066 1207 2126 point
1232 2066 1263 2126 to
1299 2066 1396 2126 1441
1421 2066 1456 2126 as
1487 2068 1660 2128 possibly
1691 2068 1752 2128 the
1782 2068 1874 2128 year
1900 2068 1941 2128 of
1966 2068 2022 2128 his
2048 2070 2175 2130 birth,
2200 2070 2267 2130 and
2302 2070 2440 2130 conse-

1000 2116 1151 2176 quently
1187 2118 1329 2178 1491-2
1359 2118 1389 2178 as
1414 2118 1475 2178 the
1501 2118 1581 2178 date
1612 2118 1648 2178 of
1668 2118 1926 2178 composition
1961 2118 2002 2178 of
2017 2118 2077 2178 the
2103 2120 2301 2180 prefatory
2326 2120 2437 2180 letter

1009 2170 1073 2230 (cf.
1093 2170 1137 2230 F.
1157 2168 1215 2228 G.
1234 2168 1427 2228 Olmedo,
1446 2170 1614 2230 Nebrija
1640 2172 1794 2232 (1942),
1814 2174 1884 2234 pp.
1910 2176 1968 2236 10,
1994 2177 2077 2237 15).

1042 2257 1270 2317 297X216
1309 2258 1426 2318 mm.
1472 2259 1680 2319 Without
1713 2260 1784 2320 the
1823 2260 1979 2320 blank.
2025 2262 2175 2322 Bound
2220 2262 2331 2322 after
2364 2264 2435 2324 the

1009 2322 1264 2382 preceding,
1286 2322 1364 2382 IB.
1385 2324 1520 2384 52816
1556 2324 1634 2384 (1),
1655 2326 1748 2386 q.v.

1072 2394 1289 2454 Grenville
1320 2394 1421 2454 copy
1451 2394 1537 2454 (G.
1560 2396 1661 2456 7655
1692 2402 1792 2462 (2).

2081 2397 2167 2457 IB.
2184 2398 2329 2458 52816
2355 2400 2431 2460 (2)

991 2620 1520 2680 ANTONINUS.
1614 2622 1859 2682 Summa
1973 2626 2444 2686 confessionum.

1095 2702 1276 2762 Partly
1316 2704 1357 2764 in
1407 2704 1423 2764 a
1464 2706 1693 2766 Spanish
1735 2707 2095 2767 translation.

1910 2782 1954 2842 10
2008 2787 2231 2847 March,
2267 2788 2437 2848 1495.

1050 2878 1091 2938 1a
1132 2880 1305 2940 TITLE:
1332 2882 1346 2942 C
1387 2883 1407 2943 A
1456 2884 1586 2944 gloria
1614 2884 1627 2944 y
1669 2885 1683 2945 a
1710 2886 1799 2946 loor
1834 2886 1876 2946 de
1910 2886 2006 2946 dios
2033 2886 2137 2946 aqui
2157 2886 2350 2946 comiença
2384 2888 2425 2948 vn

1003 2944 1188 3004 tractado
1231 2944 1410 3004 mulscho
1453 2944 1725 3004 prouechoso
1768 2946 1786 3006 y
1829 2946 1878 3006 de
1916 2948 2045 3008 grand
2089 2950 2310 3010 doctrina.
2341 2952 2439 3012 enel

1006 3006 1107 3066 qual
1131 3006 1166 3066 se
1202 3006 1362 3066 contiene
1440 3008 1641 3068 materias
1671 3010 1831 3070 tocantes
1860 3010 1902 3070 al
1926 3010 2157 3070 sacramento
2193 3011 2282 3071 dela
2317 3010 2436 3070 peni-

1000 3068 1099 3128 tecia
1137 3068 1230 3128 ansy
1273 3068 1316 3128 de
1354 3070 1490 3130 parste
1527 3070 1602 3130 del
1627 3072 1851 3132 confessor
1881 3072 1901 3132 y
1938 3074 2112 3134 poderio
2149 3074 2286 3134 suyo:
2310 3075 2428 3135 como

1005 3130 1042 3190 de
1079 3130 1190 3190 parte
1221 3132 1296 3192 del
1314 3132 1581 3192 penitenste.
1618 3134 1636 3194 E
1680 3134 1717 3194 el
1735 3134 1928 3194 tractado
1959 3136 1989 3196 qua
2008 3136 2089 3196 esta
2120 3136 2163 3196 en
2200 3136 2368 3196 romance
2398 3134 2435 3194 es

1006 3194 1044 3254 el
1069 3194 1107 3254 qua
1132 3194 1290 3254 copuso
1335 3194 1373 3254 el
1404 3196 1683 3256 Reuelrendo
1727 3198 1853 3258 sennor
1885 3199 2081 3259 Antonio
2119 3200 2347 3260 arçobispo
2391 3198 2435 3258 de

1009 3254 1227 3314 Florencia
1259 3256 1349 3316 dela
1382 3258 1490 3318 orden
1522 3258 1568 3318 de
1651 3260 1708 3320 los
1741 3261 2074 3321 predicadores.
2113 3262 2152 3322 qua
2171 3262 2215 3322 es
2247 3262 2427 3322 llamado

1009 3316 1245 3376 defecerunt.
1288 3316 1306 3376 y
1343 3318 1403 3378 los
1440 3318 1470 3378 qua
1494 3319 1604 3379 estan
1647 3320 1689 3380 en
1774 3322 1878 3382 latin
1914 3322 1987 3382 son
2023 3324 2206 3384 sacados
2243 3324 2285 3384 de
2321 3323 2437 3383 otros

999 3380 1216 3440 tractados
1240 3380 1253 3440 y
1284 3382 1506 3442 summas:
1519 3382 1537 3442 y
1569 3382 1612 3442 ôl
1631 3384 1804 3444 cuersspo
1835 3385 1910 3445 del
1928 3386 2133 3446 derecho.
2164 3386 2325 3446 segund
2356 3386 2436 3446 que

997 3444 1074 3504 por
1104 3444 1205 3504 ellos
1235 3444 1425 3504 mesmos
1455 3444 1491 3504 se
1527 3446 1717 3506 declara.
1752 3447 1818 3507 22.
1842 3448 1860 3508 C
1907 3448 2079 3508 Siguese
2115 3450 2145 3510 la
2181 3450 2287 3510 tabla
2318 3448 2430 3508 desta

1005 3508 1284 3568 obra....
1327 3510 1421 3570 112.
1445 3510 1464 3570 C
1507 3510 1632 3570 Aqui
1656 3510 1842 3570 comiëça
1879 3510 1954 3570 vna
1985 3510 2116 3570 breue
2147 3512 2432 3572 informacion

1008 3567 1122 3627 como
1165 3568 1207 3628 se
1250 3570 1359 3630 deue
1402 3570 1529 3630 alluer
1566 3572 1608 3632 el
1644 3572 1839 3632 cofessor
1875 3574 1948 3634 con
1996 3574 2038 3634 el
2075 3574 2299 3634 penitente
2342 3574 2433 3634 enla

1008 3632 1272 3692 confession.
1337 3634 1394 3694 ..
1414 3634 1434 3694 .
1472 3634 1594 3694 141b.
1621 3634 1640 3694 C
1685 3635 1846 3695 Incipit
1872 3636 2013 3696 tabula
2052 3636 2181 3696 huius
2206 3636 2446 3696 tratactus:

1008 3694 1083 3754 qui
1103 3694 1315 3754 diuiditur
1342 3696 1370 3756 in
1397 3696 1478 3756 tres
1506 3698 1739 3758 prtes...
1773 3700 1895 3760 1432.
1916 3700 2209 3760 DJEfecerunt
2230 3698 2441 3758 scrutantes

995 3756 1204 3816 scrutinio
1233 3756 1305 3816 ps.
1328 3758 1436 3818 lxiij.
1458 3758 1675 3818 scrutinium
1703 3758 1753 3818 qo
1819 3760 1840 3820 e
1869 3760 2050 3820 cofessio
2079 3762 2093 3822 .
2116 3762 2130 3822 .
2152 3762 2166 3822 .
2202 3763 2332 3823 174b,
2347 3764 2383 3824 l.
2397 3765 2447 3825 6,

1007 3818 1293 3878 COLOPHON:
1321 3820 1447 3880 Finis
1538 3820 1566 3880 C
1615 3821 1636 3881 A
1684 3822 1817 3882 gloria
1852 3822 1873 3882 y
1915 3822 2090 3882 alabaça
2125 3824 2173 3884 de
2216 3824 2307 3884 dios
2341 3824 2362 3884 .
2390 3824 2404 3884 .

1006 3883 1053 3943 (l.
1073 3882 1147 3942 11)
1167 3882 1255 3942 ...
1275 3882 1341 3942 fue
1368 3882 1609 3942 recopilada
1643 3884 1677 3944 la
1703 3884 1857 3944 prsente
1932 3886 2032 3946 obra
2066 3886 2079 3946 .
2099 3886 2119 3946 .
2139 3887 2152 3947 .
2179 3888 2246 3948 enl
2273 3887 2380 3947 qual
2400 3886 2434 3946 se

1011 3941 1172 4001 contienen
1209 3944 1388 4004 muchas
1480 3944 1598 4004 cosas
1635 3946 1673 4006 qua
1703 3946 1740 4006 se
1784 3946 1982 4006 requieren
2019 3946 2062 4006 de
2105 3947 2353 4007 necessidad
2402 3948 2439 4008 al

1007 4004 1232 4064 sacramento
1269 4004 1354 4064 dela
1385 4006 1629 4066 penitencia
1696 4008 1813 4068 Ansi
1831 4009 1990 4069 mesmo
2020 4010 2051 4070 la
2081 4010 2228 4070 suma.
2258 4010 2441 4070 Ilamada

1006 4067 1254 4127 defecerunt.
1274 4070 1475 4130 compuesta
1503 4072 1576 4132 por
1603 4072 1624 4132 .
1637 4072 1657 4132 .
1677 4072 1818 4132 ...
1838 4074 1852 4134 .
1872 4074 2060 4134 Antonio
2093 4072 2315 4132 arçobispo
2396 4072 2443 4132 de

996 4132 1196 4192 florencia
1228 4132 1246 4192 .
1265 4132 1284 4192 .
1309 4132 1322 4192 .
1365 4132 1415 4192 El
1441 4134 1546 4194 qual
1572 4134 1791 4194 tractado.
1860 4136 1941 4196 por
1972 4136 2048 4196 dos
2079 4135 2267 4195 letrados
2298 4134 2335 4194 el
2361 4133 2442 4193 vno

1008 4192 1050 4252 en
1092 4192 1208 4252 santa
1244 4194 1464 4254 theologia
1500 4194 1518 4254 y
1554 4194 1598 4254 el
1628 4196 1719 4256 otro
1756 4196 1804 4256 en
1846 4196 1938 4256 jure
1974 4198 2206 4258 calnonico
2242 4198 2260 4258 .
2284 4198 2346 4258 ..
2370 4198 2436 4258 fue

1008 4254 1223 4314 corregido
1249 4256 1269 4316 y
1328 4256 1575 4316 emendado.
1607 4258 1764 4318 Otrosi
1783 4258 1849 4318 fue
1874 4260 2043 4320 suplido
2076 4260 2089 4320 y
2122 4260 2304 4320 anadido
2337 4258 2441 4318 buen

1001 4318 1164 4378 pedaço
1199 4318 1240 4378 en
1281 4318 1508 4378 mu¬chas
1537 4320 1654 4380 cosas
1689 4320 1723 4380 qua
1747 4320 1799 4380 les
1834 4322 2044 4382 pareciero
2085 4322 2149 4382 ser
2178 4322 2441 4382 necessarias

1001 4378 1045 4438 al
1076 4378 1171 4438 acto
1222 4380 1317 4440 dela
1361 4380 1538 4440 cofessiô
1639 4382 1665 4442 y
1709 4382 1753 4442 al
1792 4384 2026 4444 sacrameto
2076 4384 2165 4444 dela
2208 4384 2450 4444 penitencia.

1066 4442 1263 4502 Acabose
1294 4443 1390 4503 enla
1421 4444 1516 4504 muy
1548 4445 1700 4505 inclyta
1725 4446 1745 4506 y
1808 4446 1935 4506 noble
1973 4448 2119 4508 cibdad
2163 4448 2207 4508 de
2232 4448 2441 4508 salamanca

1008 4504 1021 4564 a
1058 4504 1152 4564 diez
1190 4504 1279 4564 dias
1310 4505 1385 4565 del
1410 4506 1505 4566 mes
1543 4506 1587 4566 de
1625 4508 1794 4568 março.
1839 4508 1927 4568 Ano
2021 4510 2072 4570 8l
2097 4510 2349 4570 nascimiento
2386 4510 2437 4570 de

1015 4566 1182 4626 nuestro
1219 4567 1417 4627 saluador
1448 4568 1535 4628 iesu
1572 4570 1652 4630 xpo
1689 4570 1739 4630 de
1776 4571 1869 4631 mill
1894 4572 1912 4632 y
1955 4572 2091 4632 .cccc.
2111 4572 2129 4632 y
2172 4572 2383 4632 nosuenta
2414 4570 2432 4630 y

1007 4630 1133 4690 cinco
1168 4630 1300 4690 anos.

1078 4718 1235 4778 Quarto.
1258 4718 1357 4778 C.
1374 4718 1450 4778 a-t8
1473 4718 1548 4778 ul2.
1572 4718 1635 4778 174
1664 4720 1809 4780 leaves.
1844 4722 1931 4782 112:
1949 4724 1990 4784 34
2018 4724 2129 4784 lines,
2152 4726 2216 4786 155
2233 4726 2320 4786 X88
2350 4724 2449 4784 mm.

1011 4771 1153 4831 Type:
1173 4772 1217 4832 91
1244 4773 1295 4833 G.
1334 4774 1489 4834 Capital
1508 4774 1663 4834 spaces.
1696 4776 1870 4836 Haebler
1896 4776 1961 4836 24.
1993 4776 2155 4836 Vindel,
2174 4778 2258 4838 vol.
2277 4779 2310 4839 2,
2329 4780 2374 4840 p.
2387 4781 2458 4841 70,

1007 4824 1082 4884 no.
1098 4826 1168 4886 45.
1205 4824 1526 4884 Gesamtkatalog
1559 4829 1676 4889 2147.

2537 646 2908 706 Notwithstanding
2945 646 3002 706 the
3034 646 3253 706 statement
3274 646 3306 706 in
3342 646 3400 706 the
3437 646 3536 706 title,
3562 646 3682 706 which
3719 647 3792 707 was
3824 648 3928 708 taken

2494 697 2586 757 over
2619 698 2744 758 either
2777 698 2858 758 from
2912 698 2972 758 the
3010 698 3152 758 edition
3195 698 3233 758 of
3266 698 3369 758 Biel,
3396 698 3570 758 Burgos,
3603 698 3695 758 1492
3733 698 3939 758 (Gesamt-

2498 750 2641 810 katalog
2684 752 2822 812 2143),
2855 752 2893 812 or
2932 752 3014 812 from
3069 752 3157 812 that
3190 750 3234 810 of
3267 750 3415 810 Ungut
3442 750 3513 810 and
3558 750 3755 810 Polonus,
3788 752 3952 812 Seville,

2496 804 2512 864 7
2549 802 2682 862 April,
2719 802 2809 862 1492
2846 802 3186 862 (Gesamtkatalog
3234 802 3373 862 2144),
3399 802 3463 862 the
3500 802 3585 862 text
3617 803 3659 863 of
3691 804 3941 864 Antoninus,

2500 856 2572 916 pts.
2599 854 2688 914 1-3,
2708 854 2928 914 occupying
2959 854 3085 914 leaves
3116 856 3288 916 143-74,
3309 856 3335 916 is
3361 856 3392 916 in
3429 854 3564 914 Latin.

2550 914 2633 974 The
2662 915 2745 975 first
2767 916 2879 976 sheet
2901 916 2940 976 of
2962 916 3068 976 quire
3096 916 3107 976 s
3135 916 3163 976 is
3185 916 3319 976 signed
3352 916 3363 976 s
3385 917 3419 977 ii
3436 918 3464 978 in
3497 919 3625 979 error.

2545 1006 2654 1066 213X
2692 1006 2770 1066 145
2801 1006 2917 1066 mm.
2955 1006 3020 1066 On
3058 1006 3123 1066 the
3161 1006 3251 1066 title
3283 1008 3316 1068 is
3348 1008 3547 1068 written:
3579 1008 3644 1068 De
3675 1008 3688 1068 s
3726 1006 3862 1066 franco
3894 1006 3939 1066 de

2503 1068 2661 1128 mexico
2705 1068 2742 1128 al
2775 1068 2881 1128 1575
2920 1068 2989 1128 ao,
3014 1069 3090 1129 and
3134 1070 3191 1130 Fr
3223 1070 3419 1130 michael
3450 1072 3772 1132 nauarro...
3803 1072 3937 1132 commi¬

2503 1134 2658 1194 genalis
2696 1130 3043 1190 scommissarius
3082 1132 3339 1192 generalis).
3391 1132 3500 1192 With
3545 1134 3558 1194 a
3603 1134 3835 1194 bookplate
3873 1134 3937 1194 in-

2500 1194 2698 1254 scribed:
2744 1194 2804 1254 Ex
2864 1196 3135 1256 Bibliotheca
3195 1196 3360 1256 Magni
3400 1196 3638 1256 Mexicani
3684 1196 3949 1256 Conventus

2497 1258 2543 1318 S.
2564 1258 2618 1318 P.
2631 1258 2698 1318 N.
2719 1258 2773 1318 S.
2793 1258 3036 1318 Francisci.
3077 1258 3225 1318 Bound
3265 1258 3293 1318 in
3333 1258 3393 1318 old
3428 1258 3529 1318 limp
3569 1258 3751 1318 vellum.

2546 1330 2731 1390 Bought
2762 1332 2793 1392 in
2832 1332 2963 1392 July,
2985 1334 3124 1394 1880.

3661 1334 3753 1394 IA.
3776 1336 3944 1396 52821.

2515 1598 2847 1658 VALERA,
2875 1603 3060 1663 DIEGO
3105 1604 3198 1664 DE.
3253 1602 3494 1662 Crónica
3531 1602 3596 1662 de
3633 1604 3882 1664 Espana.

3504 1678 3523 1738 8
3572 1682 3737 1742 May,
3767 1686 3933 1746 1495.

2555 1778 2576 1838 1
2653 1782 2898 1842 woodcut,
2926 1782 3038 1842 arms
3065 1782 3114 1842 of
3142 1782 3268 1842 Spain
3387 1782 3631 1842 WOODCUT
3660 1782 3835 1842 TITLE:
3862 1785 3939 1845 .La

2511 1844 2859 1904 cronica.de
2908 1846 3127 1906 hyspanna.
3181 1846 3244 1906 1b.
3285 1846 3380 1906 Esta
3422 1846 3661 1906 siguienste
3729 1848 3941 1908 sclronica

2507 1904 2687 1964 Illustris
2719 1906 2848 1966 sima
2899 1906 3092 1966 princesa
3144 1908 3188 1968 es
3240 1908 3407 1968 partida
3459 1908 3503 1968 en
3562 1908 3735 1968 quastro
3793 1908 3934 1968 partes

2502 1970 2733 2030 pricipales
2765 1970 2855 2030 assi
2887 1970 3002 2030 como
3092 1970 3137 2030 se
3176 1970 3343 2030 declara
3381 1970 3458 2030 por
3490 1971 3574 2031 esta
3618 1972 3753 2032 tabla.
3836 1974 3856 2034 .
3881 1975 3932 2035 ..

2505 2024 2552 2084 7a
2592 2029 2826 2089 Comienza
2853 2032 2887 2092 la
2921 2032 3082 2092 cronica
3115 2034 3155 2094 de
3182 2034 3383 2094 Espanna:
3396 2034 3577 2094 dirigida
3645 2034 3705 2094 ala
3732 2034 3826 2094 muy
3866 2034 3940 2094 alta

2502 2092 2519 2152 y
2548 2093 2728 2153 excelente
2764 2094 2949 2154 princesa
2985 2096 3252 2156 serenissima
3316 2096 3443 2156 reyna
3473 2096 3490 2156 1
3519 2096 3665 2156 senora
3693 2096 3764 2156 nra
3792 2096 3938 2156 senora

2507 2154 2607 2214 dona
2635 2156 2790 2216 ysabel
2817 2157 2905 2217 Key
2945 2158 2993 2218 na
3026 2158 3073 2218 de
3100 2160 3262 2220 espana
3289 2160 3538 2220 ......
3565 2160 3734 2220 abreuia
3795 2158 3842 2218 da
3869 2157 3950 2217 por

2503 2216 2539 2276 su
2574 2218 2788 2278 mandado
2824 2220 2901 2280 por
2925 2220 3091 2280 mossen
3127 2220 3258 2280 Diego
3293 2219 3341 2279 de
3406 2218 3543 2278 valera
3579 2220 3614 2280 su
3650 2220 3829 2280 maestre
3858 2222 3941 2282 sala

2495 2280 2514 2340 z
2539 2280 2609 2340 del
2628 2280 2666 2340 su
2698 2280 2894 2340 consejo.
2958 2282 3256 2342 SErenissima
3287 2282 3426 2342 Reyna
3459 2282 3617 2342 escriue
3643 2282 3820 2342 latancio
3852 2284 3946 2344 enel

2510 2344 2703 2404 prosslogo
2735 2344 2806 2404 del
2825 2344 2863 2404 su
2903 2344 3082 2404 primero
3114 2344 3217 2404 libro
3249 2344 3365 2404 delas
3391 2344 3565 2404 diuinas
3590 2344 3713 2404 insti¬
3745 2346 3937 2406 tuciones

2506 2408 2599 2468 ...
2640 2408 2706 2468 8a.
2734 2408 2754 2468 C
2800 2407 3002 2467 Capitulo
3035 2406 3223 2466 primero
3263 2406 3337 2466 del
3364 2406 3539 2466 parayso
3572 2408 3947 2468 terrenal...

2505 2466 2631 2526 103b,
2650 2468 2732 2528 col.
2751 2469 2789 2529 2,
2808 2470 2839 2530 l.
2864 2470 2908 2530 8,
2928 2470 3161 2530 AUTHOR'S
3199 2468 3483 2528 COLOPHON:
3508 2468 3527 2528 f
3546 2468 3603 2528 Ve
3634 2470 3824 2530 acabada
3855 2472 3937 2532 este

2506 2530 2714 2590 copilacion
2746 2532 2834 2592 enla
2871 2532 2929 2592 vi¬
2948 2532 3004 2592 lla
3042 2532 3086 2592 ôl
3112 2533 3263 2593 puerto
3300 2534 3345 2594 de
3383 2534 3465 2594 santa
3502 2534 3629 2594 maria
3667 2534 3806 2594 viespa
3843 2532 3894 2592 de

2497 2592 2561 2652 san
2600 2592 2671 2652 lua
2704 2592 2749 2652 de
2781 2594 2898 2654 junio
2937 2594 3009 2654 del
3035 2594 3105 2654 anno
3145 2594 3190 2654 ôl
3209 2595 3339 2655 sennor
3371 2596 3416 2656 de

2486 2652 2505 2712 z
2530 2655 2680 2715 ocheta
2712 2656 2725 2716 z
2750 2656 2800 2716 vn
2832 2658 2970 2718 annos:
2988 2658 3070 2718 ...
3101 2658 3158 2718 (l.
3177 2658 3253 2718 15)
3272 2658 3284 2718 m
3341 2658 3479 2718 Vchas
3504 2658 3623 2718 cosas
3649 2658 3944 2718 illustrissima

2504 2718 2696 2778 princesa
2764 2718 2810 2778 sô
2843 2718 2876 2778 qua
2896 2719 2957 2779 me
2990 2720 3197 2780 persuade
3230 2720 3243 2780 .
3263 2722 3316 2782 ..
3344 2722 3403 2782 (l.
3423 2722 3496 2782 43)
3516 2722 3757 2782 PRINTER's
3783 2719 3936 2779 COLO¬

2512 2778 2656 2838 PHON:
2675 2780 2694 2840 Q
2739 2780 2820 2840 Fue
2852 2782 3054 2842 impresso
3085 2782 3174 2842 enla
3205 2782 3331 2842 noble
3356 2782 3507 2842 ciudad
3539 2782 3583 2842 de
3615 2782 3734 2842 Sala¬
3766 2783 3942 2843 manca:

2495 2842 2508 2902 a
2539 2842 2639 2902 ocho
2676 2842 2727 2902 de
2758 2844 2877 2904 mayo
2914 2844 2984 2904 del
3009 2844 3089 2904 anno
3121 2844 3190 2904 del
3216 2844 3428 2904 nacimien
3466 2846 3503 2906 to
3534 2846 3610 2906 del
3635 2846 3760 2906 senor
3791 2846 3835 2906 de
3867 2846 3947 2906 mil

2499 2902 2531 2962 1.
2552 2905 2678 2965 CCCC.
2699 2906 2738 2966 7.
2754 2906 2857 2966 XcV.
2879 2906 3009 2966 anos.

2553 2992 2684 3052 Folio.
2706 2992 2786 3052 A6;
2809 2992 2884 3052 a-18
2906 2993 2981 3053 m'°
3032 2994 3101 3054 104
3135 2994 3284 3054 leaves,
3306 2996 3369 3056 the
3409 2996 3483 3056 last
3506 2996 3649 3056 blank,
3672 2996 3792 3056 7-103
3826 2995 3946 3055 num-

2503 3044 2612 3104 bered
2650 3046 2721 3106 Fo.
2737 3046 2901 3106 i-xcvii.
2933 3046 2945 3106 2
2977 3046 3179 3106 columns,
3196 3046 3337 3106 except
3359 3046 3398 3106 on
3430 3046 3507 3106 leaf
3523 3046 3566 3106 7.
3599 3046 3665 3106 92:
3686 3047 3724 3107 46
3752 3048 3850 3108 lines
3872 3049 3943 3109 and

2502 3098 2697 3158 foliation,
2725 3098 2789 3158 212
2832 3100 2941 3160 (224)
2953 3100 2969 3160 X
3001 3100 3067 3160 147
3099 3100 3202 3160 mm.
3240 3100 3403 3160 Types:
3430 3100 3495 3160 120
3533 3100 3604 3160 G.,
3631 3100 3788 3160 incipits
3821 3100 3865 3160 on
3902 3100 3940 3160 1b

2501 3144 2565 3204 and
2600 3147 2664 3207 72;
2688 3149 2752 3209 150
2787 3150 2857 3210 G.,
2881 3151 3085 3211 foliation;
3108 3150 3149 3210 91
3178 3150 3237 3210 G.
3272 3148 3447 3208 Capitals
3476 3148 3516 3208 on
3557 3148 3599 3208 1°
3633 3148 3697 3208 72,
3721 3148 3780 3208 8a;
3803 3149 3937 3209 spaces

2502 3200 2583 3260 with
2613 3200 2894 3260 guide-letters
2911 3200 3144 3260 elsewhere.
3174 3200 3349 3260 Haebler
3372 3201 3466 3261 660.
3495 3203 3658 3263 Vindel,
3676 3205 3758 3265 vol.
3775 3206 3810 3266 2,
3834 3207 3875 3267 p.
3886 3209 3956 3269 71,

2492 3250 2565 3310 no.
2582 3254 2655 3314 47.
2691 3252 2793 3312 Hain
2835 3253 2986 3313 15772.

2552 3311 2631 3371 The
2660 3314 2865 3374 epilogue,
2888 3314 3099 3374 beginning
3134 3316 3304 3376 Muchas
3333 3316 3441 3376 cosas
3464 3316 3733 3376 illustrissima
3761 3318 3937 3378 princesa

2506 3364 2645 3424 (103°),
2662 3364 2813 3424 derives
2842 3364 2918 3424 from
2964 3366 3028 3426 the
3058 3366 3191 3426 Seville
3219 3366 3359 3426 edition
3394 3367 3435 3427 of
3458 3368 3551 3428 1482
3579 3368 3667 3428 (IB.
3684 3369 3853 3429 52308),
3870 3370 3939 3430 but

2506 3414 2560 3474 the
2588 3416 2724 3476 names
2752 3418 2790 3478 of
2812 3418 2872 3478 the
2900 3418 3129 3478 publishers
3157 3418 3195 3478 of
3217 3418 3304 3478 that
3321 3418 3463 3478 edition
3501 3418 3556 3478 are
3584 3420 3671 3480 here
3704 3420 3890 3480 omitted.

2568 3478 2636 3538 lhe
2664 3478 2733 3538 cut
2755 3478 2795 3538 of
2818 3478 2875 3538 the
2903 3480 3017 3540 royal
3034 3480 3159 3540 arms,
3176 3480 3296 3540 which
3330 3480 3358 3540 is
3387 3480 3552 3540 without
3575 3482 3825 3542 frame-lines
3848 3484 3944 3544 (12),

2506 3530 2702 3590 measures
2736 3530 2798 3590 109
2821 3530 2836 3590 X
2870 3531 2908 3591 90
2937 3533 3042 3593 mm.

2544 3619 2767 3679 253X186
2808 3620 2930 3680 mm.
2977 3622 3180 3682 Without
3213 3622 3281 3682 the
3322 3622 3477 3682 blank.
3525 3622 3620 3682 The
3654 3622 3755 3682 first
3789 3622 3877 3682 leaf
3904 3622 3938 3682 is

2511 3682 2671 3742 slightly
2697 3684 2948 3744 mutilated.
2980 3684 3089 3744 With
3121 3684 3186 3744 the
3211 3686 3417 3746 armorial
3436 3686 3661 3746 bookplate
3687 3686 3732 3746 of
3752 3686 3931 3746 Brancas

2507 3744 2551 3804 de
2582 3746 2873 3806 Lauraguais.
2911 3746 3062 3806 Bound
3100 3746 3132 3806 in
3169 3748 3630 3808 eighteenth-century
3662 3750 3826 3810 French
3864 3750 3927 3810 red

2504 3807 2734 3867 morocco.

2560 3878 2678 3938 King
2710 3881 2884 3941 George
2915 3882 3025 3942 III's
3057 3882 3160 3942 copy
3199 3882 3278 3942 (C.
3293 3883 3341 3943 8.
3365 3886 3396 3946 i.
3412 3886 3483 3946 6).

3666 3882 3750 3942 IB.
3776 3886 3944 3946 52823.

2521 4126 2804 4186 LIVIUS,
2910 4126 3122 4186 TITUS.
3246 4126 3528 4186 Historiae
3643 4128 3934 4188 Romanae

2581 4210 2842 4270 decades.
2891 4212 2974 4272 [In
3014 4210 3039 4270 a
3081 4210 3310 4270 Spanish
3359 4208 3719 4268 translation.

3398 4281 3445 4341 15
3491 4288 3744 4348 August,
3773 4291 3941 4351 1497.

2584 4380 2633 4440 1a
2668 4386 2909 4446 WOODCUT
2937 4388 3071 4448 TITLE
3100 4388 3262 4448 (within
3297 4388 3410 4448 cut):
3432 4386 3516 4446 Las
3538 4386 3721 4446 decadas
3792 4386 3835 4446 de
3863 4388 3934 4448 tito

2513 4447 2633 4507 livio:
2700 4450 2774 4510 22.
2801 4451 2922 4511 (red)
2949 4452 3070 4512 Aqui
3103 4450 3324 4510 comienca
3365 4450 3405 4510 el
3438 4450 3606 4510 primer
3700 4450 3808 4510 libro
3854 4450 3942 4510 dela

2507 4510 2687 4570 primera
2726 4512 2881 4572 decada
2920 4512 2965 4572 de
3043 4512 3120 4572 tito
3152 4512 3281 4572 liuio.
3320 4512 3365 4572 el
3397 4512 3507 4572 qual
3533 4512 3598 4572 fue
3636 4512 3733 4572 enel
3759 4512 3837 4572 tiem
3895 4512 3939 4572 po

2513 4574 2622 4634 delas
2648 4576 2834 4636 grandes
2866 4576 3047 4636 batallas
3078 4574 3297 4634 quamentre
3329 4574 3439 4634 Iulio
3477 4574 3593 4634 cesar
3625 4574 3638 4634 i
3670 4574 3889 4634 Pompeyo

2512 4634 2683 4694 fueron.
2735 4636 2779 4696 el
2817 4638 2925 4698 qual
2963 4638 3033 4698 fue
3078 4638 3255 4698 natural
3287 4636 3402 4696 dessla
3446 4636 3599 4696 ciudad
3643 4636 3694 4696 de
3739 4638 3903 4698 padua.

2534 4697 2802 4757 apitulo.j.
2832 4700 2907 4760 del
2937 4700 3146 4760 prologo.
3235 4699 3258 4759 S
3303 4698 3497 4758 (black)I
3526 4698 3593 4758 me
3698 4698 3810 4758 pögo

2528 4760 2707 4820 scriuir
2743 4762 2800 4822 las
2879 4764 3008 4824 osas
3316 4762 3552 4822 manos
3581 4762 3725 4822 fecha

2520 4824 2630 4884 2002,
2656 4826 2742 4886 col.
2761 4826 2801 4886 2,
2827 4826 2854 4886 l.
2880 4826 2951 4886 15,
2971 4828 3259 4888 COLOPHON:
3279 4826 3364 4886 Las
3390 4826 3574 4886 decadas
3606 4826 3646 4886 de
3685 4825 3776 4885 Tito
3810 4824 3934 4884 Liuio
