4712 6237
822 666 935 726 282X
969 666 1044 726 198
1090 667 1205 727 mm.
1286 668 1487 728 Without
1528 670 1601 730 the
1649 670 1803 730 blank.
1878 672 1985 732 Part
2026 672 2073 732 of
2120 672 2187 732 the

768 730 978 790 colophon
1007 730 1080 790 and
1109 732 1175 792 the
1200 732 1343 792 device
1367 732 1439 792 has
1462 734 1558 794 been
1588 734 1661 794 cut
1678 734 1792 794 away
1816 734 1888 794 and
1917 734 1948 794 is
1972 734 2193 794 described

765 791 901 851 above
940 792 1031 852 from
1089 794 1154 854 the
1192 796 1399 856 facsimile
1438 796 1471 856 in
1516 796 1697 856 Vindel.
1742 798 1865 858 Over
1897 798 1963 858 the
2001 798 2195 858 repaired

777 854 934 914 portion
973 856 1017 916 of
1042 856 1111 916 the
1143 857 1225 917 leaf
1250 858 1282 918 is
1307 859 1510 919 written:
1535 860 1617 920 Dia
1654 860 1699 920 23
1731 860 1775 920 de
1812 860 1964 920 Agosto
2008 858 2198 918 Compre

778 916 856 976 este
882 918 968 978 raro
1001 919 1099 979 libro
1132 920 1178 980 en
1217 921 1447 981 Valladolid
1487 922 1572 982 Anno
1612 922 1737 982 1782.
1769 924 1861 984 José
1893 924 1933 984 de
1966 924 2209 984 Cardenas,

775 980 849 1040 and
880 981 917 1041 in
954 982 1134 1042 another
1165 984 1300 1044 hand:
1332 984 1394 1044 De
1431 984 1461 1044 la
1493 984 1659 1044 libreria
1697 984 1771 1044 del
1796 984 1883 1044 Dr.
1901 984 2112 1044 Gregorio
2149 984 2192 1044 de

763 1044 955 1104 Salazar.
1008 1045 1074 1105 On
1134 1046 1205 1106 m3
1266 1046 1379 1106 recto
1433 1047 1469 1107 is
1522 1048 1726 1108 written:
1780 1047 1971 1107 Manuel
2019 1046 2186 1106 aluarez

777 1105 1035 1165 Dequesaba
1067 1108 1268 1168 escripsit
1293 1110 1396 1170 hoc.
1442 1110 1725 1170 Manuscript
1751 1112 1971 1172 foliation.
2015 1110 2145 1170 Quire
2183 1110 2202 1170 I

774 1170 803 1230 is
826 1170 1053 1230 misbound
1087 1171 1267 1231 between
1302 1172 1442 1232 quires
1465 1174 1477 1234 l
1494 1174 1564 1234 and
1593 1174 1656 1234 m.
1686 1174 1837 1234 Bound
1866 1174 1895 1234 in
1924 1171 2197 1231 nineteenth-

765 1232 946 1292 century
985 1234 1279 1294 blind-tooled
1317 1235 1461 1295 brown
1499 1237 1605 1297 calf.

828 1304 1000 1364 Bought
1028 1306 1057 1366 in
1093 1308 1279 1368 March,
1308 1310 1437 1370 1906.

1931 1307 2019 1367 IB.
2038 1312 2206 1372 52359.

771 1563 1161 1623 CAVALCA,
1194 1564 1559 1624 DOMENICO.
1601 1562 1882 1622 Specchio
1924 1563 1983 1623 di
2008 1564 2195 1624 croce.

867 1646 928 1706 In
973 1644 990 1704 a
1033 1644 1270 1704 Spanish
1314 1644 1673 1704 translation.

1502 1709 1598 1769 *13
1647 1722 2006 1782 November,
2035 1724 2200 1784 1492.

824 1819 864 1879 1a
926 1818 1094 1878 TITLE:
1135 1820 1156 1880 C
1217 1820 1277 1880 El
1311 1820 1454 1880 espejo
1507 1821 1602 1881 dela
1643 1822 1772 1882 cruz.
1827 1822 1900 1882 Ib.
1942 1824 2205 1884 [woodcut.]

774 1883 818 1943 22
869 1882 887 1942 C
945 1882 1179 1942 Comiença
1217 1884 1261 1944 el
1286 1884 1463 1944 prologo
1495 1884 1596 1944 enel
1628 1884 1780 1944 deuoto
1817 1884 1836 1944 1
1868 1884 2007 1944 moral
2090 1884 2197 1944 libro

766 1946 987 2006 intitulado
1019 1946 1162 2006 espejo
1195 1946 1279 2006 dela
1312 1946 1429 2006 cruz.
1494 1948 1676 2008 CVenta
1709 1948 1747 2008 el
1767 1948 1878 2008 sancto
1910 1946 2092 2006 enangelio
2131 1945 2202 2005 por

783 2008 852 2068 vna
921 2010 1198 2070 semejança:
1217 2010 1311 2070 ...
1349 2010 1475 2070 I01b,
1494 2010 1531 2070 l.
1550 2010 1594 2070 7,
1620 2010 1909 2070 COLOPHON:
1928 2010 1946 2070 C
1997 2008 2192 2068 Acabada

776 2070 842 2130 fue
878 2070 909 2130 la
945 2070 1109 2130 presênte
1146 2070 1158 2130 z
1188 2070 1346 2130 deuota
1383 2070 1480 2130 obra
1517 2070 1692 2130 Ilamada
1729 2071 1826 2131 espe
1863 2072 1893 2132 jo
1935 2072 2021 2132 dela
2057 2070 2154 2130 cruz
2191 2070 2209 2130 i

771 2132 1016 2192 imprimida
1049 2132 1140 2192 enla
1173 2132 1269 2192 muy
1302 2134 1425 2194 noble
1464 2134 1477 2194 1
1503 2134 1600 2194 muy
1632 2134 1717 2194 leal
1775 2134 1930 2194 cibdad
1970 2134 2015 2194 de
2047 2134 2202 2194 Seuilla

770 2199 846 2259 por
896 2196 1144 2256 Meynardo
1194 2194 1340 2254 vngut
1384 2195 1582 2255 alamano
1638 2196 1657 2256 1
1772 2196 1987 2256 Lançalao
2037 2195 2196 2255 polono

775 2258 1040 2318 companeros.
1078 2260 1097 2320 A
1149 2260 1259 2320 .xiij.
1285 2260 1375 2320 dias
1407 2258 1485 2318 del
1504 2258 1594 2318 mes
1633 2258 1652 2318 8
1736 2257 1988 2317 Nouièbre.
2033 2258 2124 2318 Ano
2162 2258 2207 2318 81

769 2318 897 2378 senor
933 2319 982 2379 de
1019 2320 1122 2380 mill
1153 2320 1171 2380 i
1208 2320 1501 2380 quatroçientos
1543 2320 1555 2380 z
1592 2320 1806 2380 nouenta
1848 2320 1866 2380 i
1904 2320 1976 2380 dos
2019 2322 2147 2382 anos.

786 2382 946 2442 DEVICE
986 2384 1053 2444 A.
1107 2384 1234 2444 (102a
1274 2384 1455 2444 (table):
1495 2384 1515 2444 C
1582 2384 1783 2444 Capitulo
1829 2385 2205 2445 primero....

780 2446 902 2506 103b,
926 2446 956 2506 l.
980 2446 1057 2506 16.
1073 2449 1195 2509 Fin.)

829 2534 1000 2594 Quarto.
1046 2536 1160 2596 a-n°.
1212 2536 1274 2596 104
1320 2534 1466 2594 leaves,
1502 2533 1564 2593 the
1605 2532 1677 2592 last
1714 2532 1854 2592 blank.
1900 2532 1968 2592 52:
2004 2533 2045 2593 33
2091 2536 2205 2596 lines,

764 2588 933 2648 158X94
967 2588 1068 2648 mm.
1108 2586 1271 2646 Types:
1293 2586 1367 2646 111
1401 2585 1474 2645 G.,
1497 2584 1598 2644 title,
1626 2584 2031 2644 chapter-headings;
2054 2584 2099 2644 95
2133 2586 2206 2646 G.,

782 2638 876 2698 text.
915 2638 1109 2698 Capitals.
1148 2638 1326 2698 Haebler
1359 2638 1448 2698 145.
1493 2638 1654 2698 Vindel,
1682 2638 1760 2698 vol.
1787 2638 1827 2698 5,
1854 2638 1898 2698 p.
1927 2638 2021 2698 146,
2043 2638 2116 2698 no.
2144 2638 2211 2698 46.

776 2692 868 2752 Hain
900 2690 1025 2750 4792.
1063 2688 1382 2748 Gesamtkatalog
1414 2691 1533 2751 6430.

830 2750 911 2810 The
936 2750 1180 2810 rectangular
1199 2750 1401 2810 woodcut,
1416 2750 1632 2810 measuring
1661 2748 1724 2808 149
1748 2748 1829 2808 X92
1853 2748 1969 2808 mm.,
1983 2749 2199 2809 represents

778 2805 829 2865 the
857 2804 983 2864 cross,
994 2804 1149 2864 bearing
1177 2803 1280 2863 label
1297 2802 1451 2862 INRI.,
1462 2802 1577 2862 nails,
1594 2800 1657 2860 and
1691 2800 1811 2860 crown
1839 2800 1880 2860 of
1897 2800 2056 2860 thorns,
2068 2798 2193 2858 within

770 2856 780 2916 a
810 2856 972 2916 circular
998 2856 1089 2916 band
1120 2854 1343 2914 containing
1373 2852 1500 2912 flower
1525 2852 1591 2912 and
1622 2850 1769 2910 tendril
1784 2850 1997 2910 ornament
2018 2852 2129 2912 white
2154 2852 2190 2912 on

779 2908 875 2968 black
908 2908 1090 2968 ground;
1111 2906 1138 2966 in
1171 2906 1229 2966 the
1261 2905 1412 2965 angles,
1433 2904 1492 2964 the
1519 2904 1717 2964 emblems
1744 2902 1781 2962 of
1803 2902 1862 2962 the
1894 2902 2146 2962 evangelists.

832 2998 937 3058 190X
976 2998 1049 3058 139
1082 2997 1194 3057 mm.
1228 2996 1491 3056 Imperfect,
1511 2994 1696 3054 wanting
1729 2994 1814 3054 sig.
1835 2994 1848 3054 c
1881 2994 1953 3054 and
1992 2992 2006 3052 d
2039 2992 2197 3052 (leaves

781 3062 938 3122 17-32)
959 3060 1034 3120 and
1068 3060 1088 3120 n
1122 3059 1205 3119 6-8
1239 3058 1397 3118 (leaves
1424 3057 1608 3117 102-4);
1629 3056 1650 3116 n
1684 3056 1704 3116 6
1739 3056 1813 3116 and
1847 3056 1869 3116 7
1903 3056 1964 3116 are
1998 3054 2196 3114 supplied

767 3124 800 3184 in
857 3122 1103 3182 photostat.
1162 3120 1311 3180 Bound
1362 3118 1401 3178 in
1453 3116 1912 3176 nineteenth-century
1964 3118 2061 3178 half
2100 3118 2197 3178 blue

780 3186 973 3246 morocco
1010 3184 1047 3244 at
1072 3184 1140 3244 the
1171 3183 1321 3243 British
1358 3182 1545 3242 Museum
1600 3182 1805 3242 bindery.

1924 3254 2013 3314 IA.
2037 3254 2206 3314 52361.

831 3260 1012 3320 Bought
1040 3258 1069 3318 in
1113 3258 1258 3318 April,
1286 3260 1416 3320 1896.

776 3519 1377 3579 ARISTOTELES.
1403 3517 1606 3577 Ethica
1651 3516 1703 3576 ad
1756 3516 2198 3576 Nicomachum.

860 3602 1198 3662 [Translated
1248 3600 1359 3660 into
1401 3598 1630 3658 Spanish
1680 3596 1739 3656 by
1782 3594 2010 3654 Alfonso
2052 3594 2112 3654 de
2154 3595 2196 3655 la

1746 3658 1804 3718 *5
1839 3676 2013 3736 June,
2037 3678 2212 3738 1493.

879 3679 1091 3739 Torre.)

831 3778 872 3838 12
913 3780 1079 3840 TITLE:
1099 3778 1272 3838 Ethicas
1299 3778 1347 3838 de
1375 3776 1657 3836 Aristoteles.
1685 3773 1760 3833 22:
1781 3772 2036 3832 QValquier
2057 3770 2201 3830 scientia

773 3844 881 3904 tiene
912 3842 1217 3902 subiectoo
1255 3840 1433 3900 materia
1471 3840 1490 3900 8
1528 3838 1610 3898 que
1642 3838 1807 3898 tracta:
1832 3838 1851 3898 .
1876 3838 1896 3898 .
1921 3838 1934 3898 .
1978 3838 2048 3898 92,
2074 3838 2105 3898 l.
2130 3840 2206 3900 24.

785 3906 799 3966 C
848 3905 1081 3965 Comiença
1109 3904 1152 3964 el
1173 3902 1335 3962 primer
1363 3902 1492 3962 libro.
1562 3900 1696 3960 ENel
1717 3899 1880 3959 primer
1908 3898 2092 3958 capitulo
2127 3898 2198 3958 hay

786 3968 930 4028 quatro
960 3968 1142 4028 conclusi¬
1172 3965 1391 4025 ones....
1421 3964 1519 4024 9oa,
1534 3962 1564 4022 l.
1587 3962 1655 4022 28,
1678 3960 1965 4020 COLOPHON:
1981 3958 2003 4018 «
2041 3958 2199 4018 Fenecé

775 4030 814 4090 se
860 4030 919 4090 las
965 4028 1130 4088 ethicas
1169 4026 1221 4086 de
1268 4024 1498 4084 aristotiles
1544 4021 1768 4081 Inpressas
1814 4020 1860 4080 en
1912 4020 2077 4080 seuillla
2130 4021 2208 4081 por

773 4092 982 4152 Menardo
1025 4090 1178 4150 Vngut
1206 4088 1416 4148 Aleman.
1443 4086 1457 4146 i
1493 4086 1667 4146 Lançalao
1709 4084 1863 4144 polono
1946 4082 2191 4142 cöpaneros

777 4156 891 4216 Enel
917 4154 991 4214 anno
1025 4154 1098 4214 del
1126 4152 1260 4212 Sennor
1287 4150 1334 4210 de
1374 4149 1468 4209 mill
1495 4148 1509 4208 a
1535 4146 1784 4206 quatrocie¬
1817 4144 1878 4204 tos
1911 4144 1931 4204 i
1966 4146 2153 4206 nouenta
2187 4148 2208 4208 ?

782 4220 863 4280 tres
891 4218 1014 4278 annos.
1054 4216 1075 4276 A
1115 4214 1231 4274 cinco
1266 4212 1354 4272 dias
1382 4210 1449 4270 del
1470 4210 1565 4270 mes
1592 4210 1641 4270 de
1708 4210 1858 4270 lunio.

838 4305 1007 4365 Quarto.
1033 4303 1121 4363 a-k8
1140 4302 1183 4362 11°
1234 4300 1272 4360 90
1297 4299 1442 4359 leaves.
1467 4298 1536 4358 32:
1548 4298 1586 4358 32
1611 4298 1725 4358 lines,
1743 4298 1812 4358 151
1832 4298 1913 4358 X98
1938 4298 2040 4358 mm.
2052 4298 2184 4358 Types

787 4360 851 4420 111
883 4358 953 4418 G.,
973 4358 1050 4418 title
1076 4357 1147 4417 and
1179 4354 1519 4414 book-headings;
1539 4352 1577 4412 95
1609 4350 1667 4410 G.
1699 4349 1873 4409 Capitals
1898 4348 1930 4408 in
1962 4348 2091 4408 quires
2117 4348 2206 4408 a-c;

779 4410 926 4470 capital
952 4409 1087 4469 spaces
1112 4407 1198 4467 with
1235 4403 1507 4463 guide-letters
1538 4400 1773 4460 elsewhere.
1810 4398 1982 4458 Haebler
2013 4398 2056 4458 31
2081 4398 2094 4458 =
2143 4400 2210 4460 30.

774 4462 939 4522 Vindel,
958 4462 1034 4522 vol.
1053 4462 1091 4522 5,
1110 4462 1154 4522 p.
1173 4460 1262 4520 168,
1281 4458 1352 4518 no.
1364 4458 1434 4518 60.
1465 4455 1561 4515 Hain
1598 4452 1713 4512 1760.
1744 4450 2061 4510 Gesamtkatalog
2094 4452 2215 4512 2383.

814 4540 913 4600 Leaf
942 4540 953 4600 a
983 4540 995 4600 2
1029 4539 1058 4599 is
1082 4538 1216 4598 signed
1251 4536 1268 4596 a
1292 4535 1356 4595 iij,
1373 4534 1402 4594 in
1438 4534 1571 4594 error.

849 4628 954 4688 188X
990 4628 1060 4688 137
1102 4626 1215 4686 mm.
1258 4625 1413 4685 Bound
1455 4624 1483 4684 in
1526 4622 1793 4682 gold-tooled
1836 4620 1956 4680 green
2005 4619 2202 4679 morocco

782 4694 878 4754 with
907 4692 979 4752 the
1009 4690 1141 4750 stamp
1178 4688 1222 4748 of
1244 4687 1309 4747 the
1339 4686 1574 4746 Biblioteca
1603 4684 1669 4744 De
1698 4682 1815 4742 Salvá
1852 4682 1925 4742 and
1954 4680 2028 4740 the
2057 4680 2212 4740 mono-

781 4760 874 4820 gram
929 4756 976 4816 of
999 4753 1147 4813 Count
1170 4750 1350 4810 Ricardo
1389 4748 1576 4808 Heredia
1599 4748 1787 4808 inserted
1818 4746 1857 4806 as
1888 4746 1903 4806 a
1935 4746 2184 4806 book-plate

1939 4817 2028 4877 IA.
2044 4820 2189 4880 52365

837 4828 1017 4888 Bought
1037 4828 1072 4888 in
1107 4826 1328 4886 October,
1349 4828 1480 4888 1895.

2308 684 2655 744 IANUALE
2712 682 3252 742 HISPALENSE.

3115 747 3204 807 *15
3260 764 3486 824 March,
3520 764 3701 824 1494.

2312 862 2374 922 12,
2388 864 2553 924 TITLE:
2567 864 2691 924 (red)
2712 864 2919 924 Manuale
2940 862 3229 922 Hispalense.
3257 860 3326 920 22.
3340 860 3464 920 (red)
3478 859 3691 919 Alexänder

2267 926 2368 986 papa
2412 928 2615 988 constituit
2653 927 2761 987 aqua
2811 925 3097 985 aspersissonis
3147 924 3205 984 cum
3242 922 3325 982 sale
3375 922 3604 982 benedici:
3648 924 3693 984 ad

2287 992 2484 1052 ffugandos
2511 990 2552 1050 de
2586 990 2763 1050 mones.
2783 988 2865 1048 Hic
2892 987 2946 1047 non
2967 986 3144 1046 dicitur.
3171 984 3341 1044 (black)
3361 984 3450 1044 Dins
3477 984 3661 1044 uobiscum

2294 1054 2369 1114 ..
2417 1054 2519 1114 662,
2553 1054 2587 1114 l.
2621 1053 2697 1113 20,
2738 1052 2990 1112 COLOPHON
3045 1048 3196 1108 (red):
3236 1046 3434 1106 Explicit
3475 1047 3714 1107 Manuale.

2275 1111 2431 1171 Impssu
2500 1116 2677 1176 Hispali
2738 1114 3051 1174 Meynardu
3126 1109 3276 1169 Vngut
3303 1108 3596 1168 Alamanum:

2273 1178 2501 1238 Stanislaum
2560 1178 2783 1238 Polonuz:
2809 1176 2979 1236 socios.
3025 1174 3117 1234 Idib
3229 1172 3405 1232 Martii.
3438 1172 3562 1232 Anno
3601 1172 3699 1232 dni.

2274 1240 2592 1300 M.cccc.xciiii.
2631 1238 2731 1298 66b.
2744 1237 2870 1297 (red)
2890 1236 3063 1296 DEVICE
3089 1238 3149 1298 A.

2317 1327 2484 1387 Quarto.
2522 1326 2617 1386 a-gs
2645 1326 2706 1386 h*°
2766 1326 2811 1386 66
2850 1326 2995 1386 leaves.
3033 1326 3106 1386 42:
3134 1326 3178 1386 24
3217 1326 3333 1386 lines,
3367 1324 3561 1384 173X108
3600 1323 3700 1383 mm.

2271 1381 2402 1441 Type:
2418 1382 2483 1442 144
2510 1382 2564 1442 G.
2591 1380 2613 1440 A
2651 1380 2706 1440 few
2744 1379 2885 1439 capital
2901 1378 3059 1438 spaces.
3086 1375 3352 1435 Red-printed
3380 1374 3602 1434 lombards,
3618 1376 3694 1436 also

2283 1430 2415 1490 maller
2453 1432 2696 1492 red-printed
2739 1430 2941 1490 lombards
2978 1428 3105 1488 within
3153 1426 3211 1486 the
3254 1426 3349 1486 line.
3397 1428 3573 1488 Haebler
3609 1432 3699 1492 395.

2288 1483 2427 1543 Vindel,
2450 1484 2525 1544 vol.
2548 1484 2588 1544 5,
2606 1484 2652 1544 p.
2670 1484 2762 1544 177,
2785 1484 2855 1544 no.
2872 1482 2941 1542 66.

2314 1543 2575 1603 Red-printed
2608 1544 2739 1604 letters
2766 1542 2794 1602 in
2832 1542 2919 1602 type
2946 1542 2990 1602 82
3023 1542 3094 1602 G.,
3115 1540 3246 1600 placed
3279 1540 3399 1600 above
3432 1540 3492 1600 the
3519 1540 3618 1600 line,
3639 1540 3699 1600 are

2267 1594 2346 1654 used
2381 1596 2411 1656 to
2445 1596 2608 1656 indicate
2638 1595 2697 1655 the
2727 1594 2895 1654 changes
2924 1592 2964 1652 of
2989 1591 3167 1651 inflexion
3201 1590 3404 1650 necessary
3443 1590 3498 1650 for
3527 1592 3700 1652 changes

2264 1646 2304 1706 of
2324 1648 2472 1708 gender
2497 1648 2563 1708 and
2593 1646 2766 1706 number
2787 1646 2817 1706 in
2852 1644 2914 1704 the
2939 1644 3020 1704 text
3046 1644 3086 1704 of
3107 1643 3168 1703 the
3193 1644 3376 1704 prayers.

2325 1708 2397 1768 The
2423 1710 2574 1770 rubrics
2600 1710 2657 1770 are
2689 1710 2745 1770 for
2772 1708 2829 1768 the
2860 1708 2964 1768 most
2985 1706 3073 1766 part
3094 1706 3125 1766 in
3161 1706 3348 1766 Spanish.

2319 1800 2435 1860 226X
2469 1800 2544 1860 155
2571 1798 2681 1858 mm.
2715 1797 2810 1857 The
2838 1796 2926 1856 first
2947 1796 3036 1856 leaf
3056 1796 3083 1856 is
3104 1796 3302 1856 backed;
3322 1794 3404 1854 leaf
3425 1794 3438 1854 2
3465 1794 3499 1854 is
3520 1796 3690 1856 slightly

2274 1862 2516 1922 mutilated.
2584 1860 2736 1920 Bound
2797 1860 2833 1920 in
2894 1858 3363 1918 nineteenth-century
3424 1858 3691 1918 gold-tooled

2268 1926 2450 1986 marbled
2491 1924 2632 1984 brown
2667 1923 2854 1983 leather.

3418 1996 3505 2056 IA.
3531 1996 3711 2056 52369.

2307 1998 2487 2058 Bought
2509 2000 2545 2060 in
2581 1998 2805 2058 October,
2834 2000 2963 2060 1895.

2274 2215 3077 2275 PROCESSIONARIUM.
3164 2212 3659 2272 Processionarium

2345 2296 2544 2356 ordinis
2586 2292 3076 2352 Praedicatorum.
3209 2288 3276 2348 *3
3317 2290 3500 2350 April,
3533 2297 3699 2357 1494.

2315 2396 2385 2456 22.
2404 2396 2526 2456 (red)
2552 2394 2718 2454 Incipit
2743 2394 2852 2454 liber
2884 2392 3198 2452 processionum
3256 2390 3499 2450 secunssdum
3556 2392 3703 2452 ordine

2270 2458 2407 2518 fratrum
2426 2458 2769 2518 predicatorum.
2796 2456 2879 2516 IN
2932 2456 3029 2516 festo
3062 2456 3405 2516 purificationis.
3431 2456 3547 2516 finita
3580 2456 3703 2516 tercia

3105 2518 3224 2578 1132,
3257 2514 3508 2574 COLOPHON
3554 2518 3706 2578 (red):

2267 2522 2378 2582 prior
2465 2520 2545 2580 cum
2608 2520 2738 2580 cappa
2782 2520 2961 2580 serica.

2270 2584 2283 2644 C
2345 2584 2535 2644 Explicit
2579 2582 2693 2642 liber
2737 2580 3052 2640 processionu:
3097 2578 3317 2638 secunduz
3368 2578 3519 2638 morem
3595 2578 3695 2638 almi

2268 2646 2449 2706 ordinis
2474 2644 2758 2704 predicatou:
2777 2641 3049 2701 solertissime
3080 2639 3122 2699 ac
3152 2638 3468 2698 accuratissime
3498 2639 3674 2699 castiga¬

2265 2706 2378 2766 tum.
2414 2708 2550 2768 totius
2580 2706 2747 2766 ordinis
2776 2704 3079 2764 predicatorum
3139 2700 3519 2760 Reuerendissimo
3561 2703 3697 2763 passtre

2264 2768 2389 2828 fratre
2425 2768 2627 2828 loachino
2669 2768 2853 2828 turriano
2895 2766 3043 2826 veneto
3086 2766 3198 2826 sacre
3234 2764 3448 2824 theologie
3531 2764 3698 2824 profes-

2269 2830 2350 2890 sore
2382 2830 2527 2890 eximio
2559 2832 2747 2892 generali
2766 2830 2962 2890 magistro
2994 2828 3271 2888 dignissimo.
3290 2826 3693 2886 Con¬gregationis

2271 2892 2454 2952 hispanie
2492 2892 2575 2952 vite
2612 2892 2821 2952 regularis
2859 2890 3119 2950 Reuerendo
3157 2890 3271 2950 patre
3360 2890 3493 2950 fratre
3531 2890 3695 2950 Didaco

2268 2956 2514 3016 magdaleno
2539 2954 2733 3014 generali
2753 2954 2901 3014 vicario
2934 2952 3147 3012 existenti¬
3179 2952 3289 3012 bus:
3309 2950 3425 3010 cuius
3451 2950 3702 3010 prestantis¬

2262 3018 2364 3078 simi
2383 3016 2510 3076 patris
2535 3016 2680 3076 vicarij
2699 3016 2807 3076 iussu
2844 3016 2881 3076 et
2905 3014 3184 3074 manda¬to:
3202 3014 3275 3074 nec
3300 3014 3378 3074 non
3409 3014 3451 3074 et
3469 3012 3706 3072 reuerendi

2268 3078 2396 3138 patris
2428 3080 2570 3140 fratris
2609 3080 2789 3140 Iohannis
2828 3078 2873 3138 de
2912 3078 3085 3138 yarsza:
3118 3076 3285 3136 quodam
3349 3076 3549 3136 similiter
3587 3075 3697 3135 dicte

2268 3142 2616 3202 congregationis
2643 3142 2851 3202 generalis
2885 3140 3073 3200 visscarij.
3113 3140 3153 3200 In
3194 3138 3300 3198 alma
3334 3137 3575 3197 hispalensi
3603 3136 3696 3196 vrbe

2275 3204 2455 3264 hispanie
2499 3204 2711 3264 ciuitatum
2782 3204 2897 3264 prin¬
2929 3202 3052 3262 cipe:
3090 3202 3154 3262 est
3193 3200 3405 3260 impress?
3450 3198 3526 3258 per
3566 3198 3694 3258 Mey¬

2269 3266 2424 3326 nardum
2492 3268 2636 3328 vngut
2679 3266 2971 3326 Alamanum.
3071 3264 3115 3324 et
3164 3262 3407 3322 Stanislaum
3488 3262 3681 3322 Polonum

2268 3328 2425 3388 socios.
2445 3330 2569 3390 Anno
2603 3330 2617 3390 a
2644 3330 2795 3390 christi
2816 3330 2994 3390 natalli.
3014 3328 3281 3388 M.cccc.XC
3322 3326 3493 3386 iiij.C
3534 3326 3575 3386 In
3617 3328 3691 3388 quo

2265 3392 2481 3452 volumine
2522 3392 2598 3452 ista
2644 3392 2720 3452 per
2756 3392 2931 3452 ordinem
2995 3388 3281 3448 continentur
3316 3388 3398 3448 que
3486 3388 3702 3448 cantanda

2275 3454 2373 3514 sunt
2401 3454 2436 3514 in
2478 3454 2863 3514 processionibus.
2891 3454 2911 3514 .
2932 3454 2954 3514 .
2982 3454 3003 3514 .
3030 3454 3163 3514 113b,
3185 3452 3219 3512 l.
3247 3452 3290 3512 7.
3317 3451 3436 3511 (red)
3471 3450 3492 3510 «
3541 3448 3709 3508 Finitus

2275 3516 2350 3576 fuit
2377 3518 2499 3578 Anno
2533 3518 2684 3578 supras
2697 3516 2799 3576 dicto
2840 3516 2914 3576 .iij.
2935 3516 3071 3576 nonas
3099 3514 3262 3574 aprilis.
3336 3513 3507 3573 DEVICE
3534 3512 3595 3572 A.

2318 3606 2491 3666 Quarto.
2530 3606 2591 3666 Jal
2619 3606 2720 3666 b-n°
2747 3606 2808 3666 o1°
2870 3605 2937 3665 114
2976 3604 3121 3664 leaves,
3149 3602 3210 3662 the
3244 3602 3333 3662 first
3361 3602 3428 3662 and
3472 3602 3545 3662 last
3573 3602 3712 3662 blank.

2270 3658 2357 3718 522:
2380 3658 2422 3718 33
2457 3660 2573 3720 lines,
2602 3660 2666 3720 155
2684 3658 2800 3718 X101
2823 3657 2934 3717 mm.
2969 3656 3132 3716 Types:
3156 3654 3220 3714 144
3255 3654 3331 3714 G.,
3348 3654 3511 3714 incipit;
3540 3654 3611 3714 111
3640 3657 3709 3717 G.,

2269 3708 2466 3768 liturgical
2482 3708 2576 3768 texts
2601 3708 2748 3768 printed
2779 3706 2903 3766 under
2924 3705 3075 3765 music;
3090 3704 3132 3764 95
3158 3704 3215 3764 G.
3242 3704 3444 3764 Capitals;
3465 3704 3533 3764 also
3559 3704 3709 3764 spaces,

2267 3760 2365 3820 some
2397 3760 2480 3820 with
2511 3760 2808 3820 guide-letters.
2839 3757 3016 3817 Musical
3037 3756 3147 3816 notes
3167 3756 3209 3816 on
3240 3754 3485 3814 red-printed
3516 3754 3703 3814 four-line

2261 3810 2409 3870 staves.
2452 3812 2627 3872 Haebler
2664 3812 2732 3872 557
2769 3810 2944 3870 (reading
2992 3808 3130 3868 more'
3156 3806 3188 3866 in
3231 3806 3294 3866 the
3331 3806 3416 3866 first
3448 3806 3522 3866 line
3559 3808 3601 3868 of
3633 3808 3691 3868 the

2271 3863 2504 3923 colophon).
2534 3864 2701 3924 Vindel,
2719 3864 2803 3924 vol.
2821 3863 2862 3923 5,
2880 3862 2922 3922 p.
2946 3862 3035 3922 178,
3053 3860 3125 3920 no.
3143 3860 3214 3920 67.
3257 3859 3352 3919 Hain
3394 3858 3537 3918 13380.

2318 3939 2394 3999 The
2427 3940 2526 4000 blind
2558 3940 2794 4000 impression
2826 3938 2864 3998 of
2887 3938 2974 3998 type
3001 3936 3029 3996 is
3056 3934 3390 3994 distinguishable
3417 3936 3455 3996 on
3494 3937 3553 3997 1b.

2334 4032 2439 4092 199X
2472 4030 2544 4090 140
2577 4030 2695 4090 mm.
2734 4028 2938 4088 Without
2965 4028 3037 4088 the
3070 4027 3149 4087 last
3175 4026 3326 4086 blank.
3372 4028 3524 4088 Bound
3556 4028 3589 4088 in
3629 4029 3694 4089 old

2266 4095 2365 4155 limp
2404 4094 2588 4154 vellum.

3433 4162 3518 4222 IA.
3542 4168 3703 4228 52382.

2320 4168 2497 4228 Bought
2523 4166 2556 4226 in
2589 4164 2877 4224 November,
2904 4165 3028 4225 1880.

2264 4384 2806 4444 REVELACIÖN.
2849 4382 2919 4442 La
2954 4382 3251 4442 revelación
3295 4380 3348 4440 de
3383 4380 3461 4440 san
3504 4380 3697 4440 Pablo.

3186 4450 3282 4510 *28
3324 4460 3515 4520 April,
3536 4464 3705 4524 1494.

2334 4563 2427 4623 Sig.
2446 4564 2459 4624 e
2496 4564 2565 4624 22.
2583 4564 2795 4624 quarenta
2826 4562 2914 4622 dias
2945 4562 2963 4622 1
2988 4560 3163 4620 quarenta
3200 4558 3356 4618 noches
3394 4558 3431 4618 quam
3443 4558 3493 4618 no
3531 4560 3649 4620 comi
3668 4561 3717 4621 ni

2274 4628 2393 4688 beui.
2441 4626 2462 4686 7
2483 4626 2546 4686 dio
2573 4625 2636 4685 me
2664 4624 2776 4684 estas
2796 4624 2929 4684 tablas
2950 4624 3026 4684 ...
3062 4622 3158 4682 Sig.
3173 4622 3187 4682 i
3208 4622 3270 4682 9b,
3285 4622 3319 4682 l.
3333 4622 3403 4682 18,
3424 4621 3709 4681 COLOPHON:

2269 4691 2288 4751 C
2333 4687 2526 4747 Acabose
2558 4684 2641 4744 este
2680 4684 2873 4744 presente
2905 4684 3130 4744 tractado:
3149 4684 3380 4744 intitulado
3419 4684 3477 4744 La
3509 4682 3695 4742 resuela¬

2272 4752 2357 4812 cion
2396 4750 2443 4810 de
2482 4750 2573 4810 sant
2607 4750 2764 4810 Pablo:
2790 4748 2882 4808 enla
2915 4748 3013 4808 muy
3046 4746 3171 4806 noble
3210 4746 3223 4806 1
3256 4746 3348 4806 muy
3387 4746 3473 4806 leal
3538 4746 3689 4806 gibdad

2272 4814 2292 4874 8
2326 4814 2476 4874 Seuilla
2504 4814 2544 4874 a.
2558 4814 2714 4874 xxviij.
2735 4812 2776 4872 de
2803 4812 2933 4872 abril.
2966 4810 3075 4870 Enel
3096 4810 3171 4870 anno
3198 4810 3218 4870 8
3246 4810 3519 4870 millcc.
3532 4810 3709 4870 zxciiij.
