<?xml version="1.0" encoding="UTF-8" standalone="yes"?>
<PcGts xmlns="http://schema.primaresearch.org/PAGE/gts/pagecontent/2013-07-15" xmlns:xsi="http://www.w3.org/2001/XMLSchema-instance" xsi:schemaLocation="http://schema.primaresearch.org/PAGE/gts/pagecontent/2013-07-15 http://schema.primaresearch.org/PAGE/gts/pagecontent/2013-07-15/pagecontent.xsd">
    <Metadata>
        <Creator>prov=READ-COOP:name=PyLaia@TranskribusPlatform:version=0.8.6:model_id=36202:lm=none:date=07_12_2022_19:11</Creator>
        <Created>2022-12-07T18:43:33</Created>
        <LastChange>2022-12-07T19:11:29.677+01:00</LastChange>
        <TranskribusMetadata docId="1256716" pageId="50896489" pageNr="7" tsid="105755778" status="IN_PROGRESS" userId="8314" imgUrl="https://files.transkribus.eu/Get?id=SMADCQSLYKAMTHDLPXYVUXRM&amp;fileType=view" xmlUrl="https://files.transkribus.eu/Get?id=PNQKCYRSIDQDJEYEMQQFHTGE" imageId="41591817"/>
    </Metadata>
    <Page imageFilename="50896489.jpg" imageWidth="4645" imageHeight="6237">
        <ReadingOrder>
            <OrderedGroup id="ro_1670436689677" caption="Regions reading order">
                <RegionRefIndexed index="0" regionRef="rVsdZ_1"/>
                <RegionRefIndexed index="1" regionRef="rX9wI_2"/>
            </OrderedGroup>
        </ReadingOrder>
        <TextRegion orientation="0.0" id="rVsdZ_1" custom="readingOrder {index:0;} structure {type:column1;}">
            <Coords points="822,529 707,919 695,4866 2128,4921 2189,676"/>
            <TextLine id="rVsdZ_1l1" custom="readingOrder {index:0;}">
                <Coords points="817,610 1750,625 1750,538 817,528"/>
                <Baseline points="826,600 871,600 917,602 963,602 1008,602 1054,604 1100,604 1145,604 1191,604 1237,604 1283,604 1328,604 1374,604 1420,604 1465,604 1511,604 1557,604 1602,604 1648,606 1694,606 1740,606"/>
                <Word id="rVsdZ_1l1_w1" custom="readingOrder {index:0;}">
                    <Coords points="826,562 826,622 1160,622 1160,562"/>
                    <TextEquiv>
                        <Unicode>PRINTER</Unicode>
                    </TextEquiv>
                </Word>
                <Word id="rVsdZ_1l1_w2" custom="readingOrder {index:1;}">
                    <Coords points="1221,564 1221,624 1312,624 1312,564"/>
                    <TextEquiv>
                        <Unicode>OF</Unicode>
                    </TextEquiv>
                </Word>
                <Word id="rVsdZ_1l1_w3" custom="readingOrder {index:2;}">
                    <Coords points="1363,564 1363,624 1738,624 1738,564"/>
                    <TextEquiv>
                        <Unicode>ANTONIU</Unicode>
                    </TextEquiv>
                </Word>
                <TextEquiv>
                    <Unicode>PRINTER OF ANTONIU</Unicode>
                </TextEquiv>
            </TextLine>
            <TextLine id="rVsdZ_1l2" custom="readingOrder {index:1;}">
                <Coords points="758,720 2139,707 2139,653 759,645"/>
                <Baseline points="768,700 836,701 904,702 972,704 1040,704 1108,705 1176,706 1244,706 1312,706 1380,706 1449,706 1517,706 1585,707 1653,708 1721,708 1789,708 1857,708 1925,710 1993,710 2061,711 2130,712"/>
                <Word id="rVsdZ_1l2_w1" custom="readingOrder {index:0;}">
                    <Coords points="754,661 754,721 985,721 985,661"/>
                    <TextEquiv>
                        <Unicode>Impressas</Unicode>
                    </TextEquiv>
                </Word>
                <Word id="rVsdZ_1l2_w2" custom="readingOrder {index:1;}">
                    <Coords points="1064,664 1064,724 1117,724 1117,664"/>
                    <TextEquiv>
                        <Unicode>en</Unicode>
                    </TextEquiv>
                </Word>
                <Word id="rVsdZ_1l2_w3" custom="readingOrder {index:2;}">
                    <Coords points="1163,666 1163,726 1441,726 1441,666"/>
                    <TextEquiv>
                        <Unicode>Salamanca.</Unicode>
                    </TextEquiv>
                </Word>
                <Word id="rVsdZ_1l2_w4" custom="readingOrder {index:3;}">
                    <Coords points="1481,666 1481,726 1579,726 1579,666"/>
                    <TextEquiv>
                        <Unicode>Ano</Unicode>
                    </TextEquiv>
                </Word>
                <Word id="rVsdZ_1l2_w5" custom="readingOrder {index:4;}">
                    <Coords points="1620,667 1620,727 1666,727 1666,667"/>
                    <TextEquiv>
                        <Unicode>de</Unicode>
                    </TextEquiv>
                </Word>
                <Word id="rVsdZ_1l2_w6" custom="readingOrder {index:5;}">
                    <Coords points="1705,668 1705,728 1884,728 1884,668"/>
                    <TextEquiv>
                        <Unicode>nuestro</Unicode>
                    </TextEquiv>
                </Word>
                <Word id="rVsdZ_1l2_w7" custom="readingOrder {index:6;}">
                    <Coords points="1923,670 1923,730 2128,730 2128,670"/>
                    <TextEquiv>
                        <Unicode>saluador</Unicode>
                    </TextEquiv>
                </Word>
                <TextEquiv>
                    <Unicode>Impressas en Salamanca. Ano de nuestro saluador</Unicode>
                </TextEquiv>
            </TextLine>
            <TextLine id="rVsdZ_1l3" custom="readingOrder {index:2;}">
                <Coords points="746,778 1888,805 2173,787 2174,744 747,715"/>
                <Baseline points="756,762 826,764 896,764 967,766 1037,766 1108,768 1178,768 1248,768 1319,770 1389,770 1460,770 1530,770 1600,772 1671,772 1741,772 1812,772 1882,772 1952,773 2023,774 2093,774 2164,774"/>
                <Word id="rVsdZ_1l3_w1" custom="readingOrder {index:0;}">
                    <Coords points="749,722 749,782 832,782 832,722"/>
                    <TextEquiv>
                        <Unicode>lesu</Unicode>
                    </TextEquiv>
                </Word>
                <Word id="rVsdZ_1l3_w2" custom="readingOrder {index:1;}">
                    <Coords points="868,724 868,784 951,784 951,724"/>
                    <TextEquiv>
                        <Unicode>xpo</Unicode>
                    </TextEquiv>
                </Word>
                <Word id="rVsdZ_1l3_w3" custom="readingOrder {index:2;}">
                    <Coords points="993,726 993,786 1041,786 1041,726"/>
                    <TextEquiv>
                        <Unicode>de</Unicode>
                    </TextEquiv>
                </Word>
                <Word id="rVsdZ_1l3_w4" custom="readingOrder {index:3;}">
                    <Coords points="1076,728 1076,788 1174,788 1174,728"/>
                    <TextEquiv>
                        <Unicode>mill</Unicode>
                    </TextEquiv>
                </Word>
                <Word id="rVsdZ_1l3_w5" custom="readingOrder {index:4;}">
                    <Coords points="1208,728 1208,788 1244,788 1244,728"/>
                    <TextEquiv>
                        <Unicode>i.</Unicode>
                    </TextEquiv>
                </Word>
                <Word id="rVsdZ_1l3_w6" custom="readingOrder {index:5;}">
                    <Coords points="1271,730 1271,790 1390,790 1390,730"/>
                    <TextEquiv>
                        <Unicode>cecc.</Unicode>
                    </TextEquiv>
                </Word>
                <Word id="rVsdZ_1l3_w7" custom="readingOrder {index:6;}">
                    <Coords points="1417,730 1417,790 1460,790 1460,730"/>
                    <TextEquiv>
                        <Unicode>1.</Unicode>
                    </TextEquiv>
                </Word>
                <Word id="rVsdZ_1l3_w8" custom="readingOrder {index:7;}">
                    <Coords points="1487,730 1487,790 1619,790 1619,730"/>
                    <TextEquiv>
                        <Unicode>xcvij.</Unicode>
                    </TextEquiv>
                </Word>
                <Word id="rVsdZ_1l3_w9" custom="readingOrder {index:8;}">
                    <Coords points="1647,732 1647,792 1772,792 1772,732"/>
                    <TextEquiv>
                        <Unicode>anos.</Unicode>
                    </TextEquiv>
                </Word>
                <Word id="rVsdZ_1l3_w10" custom="readingOrder {index:9;}">
                    <Coords points="1822,732 1822,792 1877,792 1877,732"/>
                    <TextEquiv>
                        <Unicode>A¬</Unicode>
                    </TextEquiv>
                </Word>
                <Word id="rVsdZ_1l3_w11" custom="readingOrder {index:10;}">
                    <Coords points="1911,733 1911,793 2086,793 2086,733"/>
                    <TextEquiv>
                        <Unicode>cabaron</Unicode>
                    </TextEquiv>
                </Word>
                <Word id="rVsdZ_1l3_w12" custom="readingOrder {index:11;}">
                    <Coords points="2127,734 2127,794 2169,794 2169,734"/>
                    <TextEquiv>
                        <Unicode>se</Unicode>
                    </TextEquiv>
                </Word>
                <TextEquiv>
                    <Unicode>lesu xpo de mill i. cecc. 1. xcvij. anos. A¬ cabaron se</Unicode>
                </TextEquiv>
            </TextLine>
            <TextLine id="rVsdZ_1l4" custom="readingOrder {index:3;}">
                <Coords points="738,845 1979,864 2109,847 2110,802 739,776"/>
                <Baseline points="748,826 815,826 883,826 950,828 1018,828 1086,828 1153,830 1221,830 1288,831 1356,832 1424,832 1491,834 1559,834 1626,834 1694,834 1761,836 1829,836 1897,836 1964,835 2032,834 2100,834"/>
                <Word id="rVsdZ_1l4_w1" custom="readingOrder {index:0;}">
                    <Coords points="741,786 741,846 955,846 955,786"/>
                    <TextEquiv>
                        <Unicode>mediante</Unicode>
                    </TextEquiv>
                </Word>
                <Word id="rVsdZ_1l4_w2" custom="readingOrder {index:1;}">
                    <Coords points="1001,788 1001,848 1088,848 1088,788"/>
                    <TextEquiv>
                        <Unicode>dios</Unicode>
                    </TextEquiv>
                </Word>
                <Word id="rVsdZ_1l4_w3" custom="readingOrder {index:2;}">
                    <Coords points="1129,790 1129,850 1256,850 1256,790"/>
                    <TextEquiv>
                        <Unicode>lunes</Unicode>
                    </TextEquiv>
                </Word>
                <Word id="rVsdZ_1l4_w4" custom="readingOrder {index:3;}">
                    <Coords points="1296,791 1296,851 1383,851 1383,791"/>
                    <TextEquiv>
                        <Unicode>.xv.</Unicode>
                    </TextEquiv>
                </Word>
                <Word id="rVsdZ_1l4_w5" custom="readingOrder {index:4;}">
                    <Coords points="1416,793 1416,853 1503,853 1503,793"/>
                    <TextEquiv>
                        <Unicode>dias</Unicode>
                    </TextEquiv>
                </Word>
                <Word id="rVsdZ_1l4_w6" custom="readingOrder {index:5;}">
                    <Coords points="1597,794 1597,854 1671,854 1671,794"/>
                    <TextEquiv>
                        <Unicode>del</Unicode>
                    </TextEquiv>
                </Word>
                <Word id="rVsdZ_1l4_w7" custom="readingOrder {index:6;}">
                    <Coords points="1704,795 1704,855 1791,855 1791,795"/>
                    <TextEquiv>
                        <Unicode>mes</Unicode>
                    </TextEquiv>
                </Word>
                <Word id="rVsdZ_1l4_w8" custom="readingOrder {index:7;}">
                    <Coords points="1832,796 1832,856 1878,856 1878,796"/>
                    <TextEquiv>
                        <Unicode>de</Unicode>
                    </TextEquiv>
                </Word>
                <Word id="rVsdZ_1l4_w9" custom="readingOrder {index:8;}">
                    <Coords points="1925,794 1925,854 2112,854 2112,794"/>
                    <TextEquiv>
                        <Unicode>Agosto.</Unicode>
                    </TextEquiv>
                </Word>
                <TextEquiv>
                    <Unicode>mediante dios lunes .xv. dias del mes de Agosto.</Unicode>
                </TextEquiv>
            </TextLine>
            <TextLine id="rVsdZ_1l5" custom="readingOrder {index:4;}">
                <Coords points="748,892 1719,934 2156,917 2179,870 748,839"/>
                <Baseline points="756,890 826,890 897,890 968,890 1038,892 1109,892 1180,892 1250,894 1321,894 1392,896 1463,896 1533,897 1604,898 1675,898 1745,898 1816,900 1887,900 1957,898 2028,898 2099,898 2170,896"/>
                <Word id="rVsdZ_1l5_w1" custom="readingOrder {index:0;}">
                    <Coords points="751,850 751,910 836,910 836,850"/>
                    <TextEquiv>
                        <Unicode>201</Unicode>
                    </TextEquiv>
                </Word>
                <Word id="rVsdZ_1l5_w2" custom="readingOrder {index:1;}">
                    <Coords points="855,850 855,910 889,910 889,850"/>
                    <TextEquiv>
                        <Unicode>2)</Unicode>
                    </TextEquiv>
                </Word>
                <Word id="rVsdZ_1l5_w3" custom="readingOrder {index:2;}">
                    <Coords points="915,850 915,910 1040,910 1040,850"/>
                    <TextEquiv>
                        <Unicode>Aqui</Unicode>
                    </TextEquiv>
                </Word>
                <Word id="rVsdZ_1l5_w4" custom="readingOrder {index:3;}">
                    <Coords points="1073,852 1073,912 1291,912 1291,852"/>
                    <TextEquiv>
                        <Unicode>comienza</Unicode>
                    </TextEquiv>
                </Word>
                <Word id="rVsdZ_1l5_w5" custom="readingOrder {index:4;}">
                    <Coords points="1330,854 1330,914 1364,914 1364,854"/>
                    <TextEquiv>
                        <Unicode>la</Unicode>
                    </TextEquiv>
                </Word>
                <Word id="rVsdZ_1l5_w6" custom="readingOrder {index:5;}">
                    <Coords points="1403,856 1403,916 1515,916 1515,856"/>
                    <TextEquiv>
                        <Unicode>tabla</Unicode>
                    </TextEquiv>
                </Word>
                <Word id="rVsdZ_1l5_w7" custom="readingOrder {index:6;}">
                    <Coords points="1555,858 1555,918 1667,918 1667,858"/>
                    <TextEquiv>
                        <Unicode>delas</Unicode>
                    </TextEquiv>
                </Word>
                <Word id="rVsdZ_1l5_w8" custom="readingOrder {index:7;}">
                    <Coords points="1753,860 1753,920 1944,920 1944,860"/>
                    <TextEquiv>
                        <Unicode>decadas</Unicode>
                    </TextEquiv>
                </Word>
                <Word id="rVsdZ_1l5_w9" custom="readingOrder {index:8;}">
                    <Coords points="1984,858 1984,918 2030,918 2030,858"/>
                    <TextEquiv>
                        <Unicode>de</Unicode>
                    </TextEquiv>
                </Word>
                <Word id="rVsdZ_1l5_w10" custom="readingOrder {index:9;}">
                    <Coords points="2076,857 2076,917 2168,917 2168,857"/>
                    <TextEquiv>
                        <Unicode>Tito</Unicode>
                    </TextEquiv>
                </Word>
                <TextEquiv>
                    <Unicode>201 2) Aqui comienza la tabla delas decadas de Tito</Unicode>
                </TextEquiv>
            </TextLine>
            <TextLine id="rVsdZ_1l6" custom="readingOrder {index:5;}">
                <Coords points="723,992 891,960 1591,992 1620,986 1621,910 1008,907 933,943 724,900"/>
                <Baseline points="732,952 776,954 820,956 864,956 908,958 952,958 996,958 1040,958 1084,958 1128,958 1172,956 1216,956 1260,956 1304,956 1348,956 1392,956 1436,958 1480,958 1524,960 1568,964 1612,966"/>
                <Word id="rVsdZ_1l6_w1" custom="readingOrder {index:0;}">
                    <Coords points="729,914 729,974 826,974 826,914"/>
                    <TextEquiv>
                        <Unicode>liuio</Unicode>
                    </TextEquiv>
                </Word>
                <Word id="rVsdZ_1l6_w2" custom="readingOrder {index:1;}">
                    <Coords points="858,918 858,978 1118,978 1118,918"/>
                    <TextEquiv>
                        <Unicode>...'211.</Unicode>
                    </TextEquiv>
                </Word>
                <Word id="rVsdZ_1l6_w3" custom="readingOrder {index:2;}">
                    <Coords points="1142,916 1142,976 1248,976 1248,916"/>
                    <TextEquiv>
                        <Unicode>DEO</Unicode>
                    </TextEquiv>
                </Word>
                <Word id="rVsdZ_1l6_w4" custom="readingOrder {index:3;}">
                    <Coords points="1297,918 1297,978 1597,978 1597,918"/>
                    <TextEquiv>
                        <Unicode>GRATIAS.</Unicode>
                    </TextEquiv>
                </Word>
                <TextEquiv>
                    <Unicode>liuio ...'211. DEO GRATIAS.</Unicode>
                </TextEquiv>
            </TextLine>
            <TextLine id="rVsdZ_1l7" custom="readingOrder {index:6;}">
                <Coords points="778,1058 2176,1066 2176,1010 778,1002"/>
                <Baseline points="786,1042 855,1042 924,1042 993,1044 1062,1044 1131,1044 1200,1046 1269,1046 1338,1047 1407,1048 1476,1048 1545,1050 1614,1050 1683,1050 1752,1051 1821,1052 1890,1052 1959,1052 2028,1052 2097,1052 2166,1052"/>
                <Word id="rVsdZ_1l7_w1" custom="readingOrder {index:0;}">
                    <Coords points="779,1002 779,1062 911,1062 911,1002"/>
                    <TextEquiv>
                        <Unicode>Folio.</Unicode>
                    </TextEquiv>
                </Word>
                <Word id="rVsdZ_1l7_w2" custom="readingOrder {index:1;}">
                    <Coords points="947,1003 947,1063 1006,1063 1006,1003"/>
                    <TextEquiv>
                        <Unicode>a-z</Unicode>
                    </TextEquiv>
                </Word>
                <Word id="rVsdZ_1l7_w3" custom="readingOrder {index:2;}">
                    <Coords points="1036,1004 1036,1064 1055,1064 1055,1004"/>
                    <TextEquiv>
                        <Unicode>1</Unicode>
                    </TextEquiv>
                </Word>
                <Word id="rVsdZ_1l7_w4" custom="readingOrder {index:3;}">
                    <Coords points="1078,1004 1078,1064 1090,1064 1090,1004"/>
                    <TextEquiv>
                        <Unicode>»</Unicode>
                    </TextEquiv>
                </Word>
                <Word id="rVsdZ_1l7_w5" custom="readingOrder {index:4;}">
                    <Coords points="1120,1004 1120,1064 1162,1064 1162,1004"/>
                    <TextEquiv>
                        <Unicode>z8</Unicode>
                    </TextEquiv>
                </Word>
                <Word id="rVsdZ_1l7_w6" custom="readingOrder {index:5;}">
                    <Coords points="1186,1006 1186,1066 1240,1066 1240,1006"/>
                    <TextEquiv>
                        <Unicode>A*</Unicode>
                    </TextEquiv>
                </Word>
                <Word id="rVsdZ_1l7_w7" custom="readingOrder {index:6;}">
                    <Coords points="1293,1006 1293,1066 1360,1066 1360,1006"/>
                    <TextEquiv>
                        <Unicode>212</Unicode>
                    </TextEquiv>
                </Word>
                <Word id="rVsdZ_1l7_w8" custom="readingOrder {index:7;}">
                    <Coords points="1389,1008 1389,1068 1539,1068 1539,1008"/>
                    <TextEquiv>
                        <Unicode>leaves,</Unicode>
                    </TextEquiv>
                </Word>
                <Word id="rVsdZ_1l7_w9" custom="readingOrder {index:8;}">
                    <Coords points="1557,1010 1557,1070 1616,1070 1616,1010"/>
                    <TextEquiv>
                        <Unicode>the</Unicode>
                    </TextEquiv>
                </Word>
                <Word id="rVsdZ_1l7_w10" custom="readingOrder {index:9;}">
                    <Coords points="1647,1010 1647,1070 1718,1070 1718,1010"/>
                    <TextEquiv>
                        <Unicode>last</Unicode>
                    </TextEquiv>
                </Word>
                <Word id="rVsdZ_1l7_w11" custom="readingOrder {index:10;}">
                    <Coords points="1736,1011 1736,1071 1880,1071 1880,1011"/>
                    <TextEquiv>
                        <Unicode>blank,</Unicode>
                    </TextEquiv>
                </Word>
                <Word id="rVsdZ_1l7_w12" custom="readingOrder {index:11;}">
                    <Coords points="1898,1012 1898,1072 2017,1072 2017,1012"/>
                    <TextEquiv>
                        <Unicode>2-200</Unicode>
                    </TextEquiv>
                </Word>
                <Word id="rVsdZ_1l7_w13" custom="readingOrder {index:12;}">
                    <Coords points="2048,1012 2048,1072 2167,1072 2167,1012"/>
                    <TextEquiv>
                        <Unicode>num-</Unicode>
                    </TextEquiv>
                </Word>
                <TextEquiv>
                    <Unicode>Folio. a-z 1 » z8 A* 212 leaves, the last blank, 2-200 num-</Unicode>
                </TextEquiv>
            </TextLine>
            <TextLine id="rVsdZ_1l8" custom="readingOrder {index:7;}">
                <Coords points="720,1108 2166,1113 2101,1062 721,1050"/>
                <Baseline points="730,1096 801,1096 872,1096 943,1094 1015,1096 1086,1096 1157,1096 1229,1096 1300,1096 1371,1098 1443,1098 1514,1098 1585,1100 1656,1100 1728,1100 1799,1102 1870,1102 1942,1102 2013,1102 2084,1102 2156,1102"/>
                <Word id="rVsdZ_1l8_w1" custom="readingOrder {index:0;}">
                    <Coords points="721,1056 721,1116 839,1116 839,1056"/>
                    <TextEquiv>
                        <Unicode>bered</Unicode>
                    </TextEquiv>
                </Word>
                <Word id="rVsdZ_1l8_w2" custom="readingOrder {index:1;}">
                    <Coords points="873,1054 873,1114 991,1114 991,1054"/>
                    <TextEquiv>
                        <Unicode>ij-cc.</Unicode>
                    </TextEquiv>
                </Word>
                <Word id="rVsdZ_1l8_w3" custom="readingOrder {index:2;}">
                    <Coords points="1019,1056 1019,1116 1037,1116 1037,1056"/>
                    <TextEquiv>
                        <Unicode>2</Unicode>
                    </TextEquiv>
                </Word>
                <Word id="rVsdZ_1l8_w4" custom="readingOrder {index:3;}">
                    <Coords points="1070,1056 1070,1116 1273,1116 1273,1056"/>
                    <TextEquiv>
                        <Unicode>columns.</Unicode>
                    </TextEquiv>
                </Word>
                <Word id="rVsdZ_1l8_w5" custom="readingOrder {index:4;}">
                    <Coords points="1307,1057 1307,1117 1375,1117 1375,1057"/>
                    <TextEquiv>
                        <Unicode>2°:</Unicode>
                    </TextEquiv>
                </Word>
                <Word id="rVsdZ_1l8_w6" custom="readingOrder {index:5;}">
                    <Coords points="1392,1058 1392,1118 1437,1118 1437,1058"/>
                    <TextEquiv>
                        <Unicode>47</Unicode>
                    </TextEquiv>
                </Word>
                <Word id="rVsdZ_1l8_w7" custom="readingOrder {index:6;}">
                    <Coords points="1465,1058 1465,1118 1561,1118 1561,1058"/>
                    <TextEquiv>
                        <Unicode>lines</Unicode>
                    </TextEquiv>
                </Word>
                <Word id="rVsdZ_1l8_w8" custom="readingOrder {index:7;}">
                    <Coords points="1589,1060 1589,1120 1656,1120 1656,1060"/>
                    <TextEquiv>
                        <Unicode>and</Unicode>
                    </TextEquiv>
                </Word>
                <Word id="rVsdZ_1l8_w9" custom="readingOrder {index:8;}">
                    <Coords points="1691,1061 1691,1121 1893,1121 1893,1061"/>
                    <TextEquiv>
                        <Unicode>headline,</Unicode>
                    </TextEquiv>
                </Word>
                <Word id="rVsdZ_1l8_w10" custom="readingOrder {index:9;}">
                    <Coords points="1916,1062 1916,1122 1983,1122 1983,1062"/>
                    <TextEquiv>
                        <Unicode>216</Unicode>
                    </TextEquiv>
                </Word>
                <Word id="rVsdZ_1l8_w11" custom="readingOrder {index:10;}">
                    <Coords points="2018,1062 2018,1122 2124,1122 2124,1062"/>
                    <TextEquiv>
                        <Unicode>(229)</Unicode>
                    </TextEquiv>
                </Word>
                <Word id="rVsdZ_1l8_w12" custom="readingOrder {index:11;}">
                    <Coords points="2141,1062 2141,1122 2152,1122 2152,1062"/>
                    <TextEquiv>
                        <Unicode>X</Unicode>
                    </TextEquiv>
                </Word>
                <TextEquiv>
                    <Unicode>bered ij-cc. 2 columns. 2°: 47 lines and headline, 216 (229) X</Unicode>
                </TextEquiv>
            </TextLine>
            <TextLine id="rVsdZ_1l9" custom="readingOrder {index:8;}">
                <Coords points="730,1156 1987,1180 2170,1128 730,1120"/>
                <Baseline points="738,1146 809,1146 880,1146 951,1148 1022,1148 1093,1148 1164,1148 1235,1148 1306,1150 1377,1150 1449,1150 1520,1150 1591,1150 1662,1150 1733,1152 1804,1152 1875,1152 1946,1152 2017,1154 2088,1154 2160,1154"/>
                <Word id="rVsdZ_1l9_w1" custom="readingOrder {index:0;}">
                    <Coords points="731,1106 731,1166 794,1166 794,1106"/>
                    <TextEquiv>
                        <Unicode>139</Unicode>
                    </TextEquiv>
                </Word>
                <Word id="rVsdZ_1l9_w2" custom="readingOrder {index:1;}">
                    <Coords points="817,1106 817,1166 919,1166 919,1106"/>
                    <TextEquiv>
                        <Unicode>mm.</Unicode>
                    </TextEquiv>
                </Word>
                <Word id="rVsdZ_1l9_w3" custom="readingOrder {index:2;}">
                    <Coords points="948,1108 948,1168 1108,1168 1108,1108"/>
                    <TextEquiv>
                        <Unicode>Types:</Unicode>
                    </TextEquiv>
                </Word>
                <Word id="rVsdZ_1l9_w4" custom="readingOrder {index:3;}">
                    <Coords points="1125,1108 1125,1168 1189,1168 1189,1108"/>
                    <TextEquiv>
                        <Unicode>120</Unicode>
                    </TextEquiv>
                </Word>
                <Word id="rVsdZ_1l9_w5" custom="readingOrder {index:4;}">
                    <Coords points="1217,1108 1217,1168 1286,1168 1286,1108"/>
                    <TextEquiv>
                        <Unicode>G.,</Unicode>
                    </TextEquiv>
                </Word>
                <Word id="rVsdZ_1l9_w6" custom="readingOrder {index:5;}">
                    <Coords points="1303,1110 1303,1170 1458,1170 1458,1110"/>
                    <TextEquiv>
                        <Unicode>incipit,</Unicode>
                    </TextEquiv>
                </Word>
                <Word id="rVsdZ_1l9_w7" custom="readingOrder {index:6;}">
                    <Coords points="1475,1110 1475,1170 1692,1170 1692,1110"/>
                    <TextEquiv>
                        <Unicode>headlines,</Unicode>
                    </TextEquiv>
                </Word>
                <Word id="rVsdZ_1l9_w8" custom="readingOrder {index:7;}">
                    <Coords points="1709,1112 1709,1172 1796,1172 1796,1112"/>
                    <TextEquiv>
                        <Unicode>first</Unicode>
                    </TextEquiv>
                </Word>
                <Word id="rVsdZ_1l9_w9" custom="readingOrder {index:8;}">
                    <Coords points="1813,1112 1813,1172 1910,1172 1910,1112"/>
                    <TextEquiv>
                        <Unicode>lines</Unicode>
                    </TextEquiv>
                </Word>
                <Word id="rVsdZ_1l9_w10" custom="readingOrder {index:9;}">
                    <Coords points="1933,1112 1933,1172 1967,1172 1967,1112"/>
                    <TextEquiv>
                        <Unicode>of</Unicode>
                    </TextEquiv>
                </Word>
                <Word id="rVsdZ_1l9_w11" custom="readingOrder {index:10;}">
                    <Coords points="1990,1114 1990,1174 2167,1174 2167,1114"/>
                    <TextEquiv>
                        <Unicode>chapter¬</Unicode>
                    </TextEquiv>
                </Word>
                <TextEquiv>
                    <Unicode>139 mm. Types: 120 G., incipit, headlines, first lines of chapter¬</Unicode>
                </TextEquiv>
            </TextLine>
            <TextLine id="rVsdZ_1l10" custom="readingOrder {index:9;}">
                <Coords points="731,1211 2173,1236 2146,1165 732,1162"/>
                <Baseline points="740,1198 811,1198 882,1198 953,1198 1024,1198 1096,1200 1167,1200 1238,1200 1309,1200 1380,1202 1452,1202 1523,1203 1594,1204 1665,1204 1736,1205 1808,1206 1879,1206 1950,1207 2021,1208 2092,1208 2164,1208"/>
                <Word id="rVsdZ_1l10_w1" custom="readingOrder {index:0;}">
                    <Coords points="733,1158 733,1218 949,1218 949,1158"/>
                    <TextEquiv>
                        <Unicode>headings;</Unicode>
                    </TextEquiv>
                </Word>
                <Word id="rVsdZ_1l10_w2" custom="readingOrder {index:1;}">
                    <Coords points="975,1158 975,1218 1019,1218 1019,1158"/>
                    <TextEquiv>
                        <Unicode>91</Unicode>
                    </TextEquiv>
                </Word>
                <Word id="rVsdZ_1l10_w3" custom="readingOrder {index:2;}">
                    <Coords points="1038,1159 1038,1219 1102,1219 1102,1159"/>
                    <TextEquiv>
                        <Unicode>G.</Unicode>
                    </TextEquiv>
                </Word>
                <Word id="rVsdZ_1l10_w4" custom="readingOrder {index:3;}">
                    <Coords points="1133,1160 1133,1220 1331,1220 1331,1160"/>
                    <TextEquiv>
                        <Unicode>Capitals.</Unicode>
                    </TextEquiv>
                </Word>
                <Word id="rVsdZ_1l10_w5" custom="readingOrder {index:4;}">
                    <Coords points="1356,1162 1356,1222 1534,1222 1534,1162"/>
                    <TextEquiv>
                        <Unicode>Haebler</Unicode>
                    </TextEquiv>
                </Word>
                <Word id="rVsdZ_1l10_w6" custom="readingOrder {index:5;}">
                    <Coords points="1559,1164 1559,1224 1654,1224 1654,1164"/>
                    <TextEquiv>
                        <Unicode>365.</Unicode>
                    </TextEquiv>
                </Word>
                <Word id="rVsdZ_1l10_w7" custom="readingOrder {index:6;}">
                    <Coords points="1686,1165 1686,1225 1852,1225 1852,1165"/>
                    <TextEquiv>
                        <Unicode>Vindel,</Unicode>
                    </TextEquiv>
                </Word>
                <Word id="rVsdZ_1l10_w8" custom="readingOrder {index:7;}">
                    <Coords points="1871,1166 1871,1226 1947,1226 1947,1166"/>
                    <TextEquiv>
                        <Unicode>vol.</Unicode>
                    </TextEquiv>
                </Word>
                <Word id="rVsdZ_1l10_w9" custom="readingOrder {index:8;}">
                    <Coords points="1966,1167 1966,1227 2004,1227 2004,1167"/>
                    <TextEquiv>
                        <Unicode>2,</Unicode>
                    </TextEquiv>
                </Word>
                <Word id="rVsdZ_1l10_w10" custom="readingOrder {index:9;}">
                    <Coords points="2023,1168 2023,1228 2068,1228 2068,1168"/>
                    <TextEquiv>
                        <Unicode>p.</Unicode>
                    </TextEquiv>
                </Word>
                <Word id="rVsdZ_1l10_w11" custom="readingOrder {index:10;}">
                    <Coords points="2087,1168 2087,1228 2183,1228 2183,1168"/>
                    <TextEquiv>
                        <Unicode>128,</Unicode>
                    </TextEquiv>
                </Word>
                <TextEquiv>
                    <Unicode>headings; 91 G. Capitals. Haebler 365. Vindel, vol. 2, p. 128,</Unicode>
                </TextEquiv>
            </TextLine>
            <TextLine id="rVsdZ_1l11" custom="readingOrder {index:10;}">
                <Coords points="739,1262 1171,1270 1205,1259 1206,1225 918,1213 875,1226 850,1211 797,1227 739,1210"/>
                <Baseline points="748,1250 774,1250 800,1249 827,1248 853,1248 879,1248 906,1248 932,1248 958,1248 985,1248 1011,1248 1037,1249 1064,1250 1090,1250 1116,1251 1143,1252 1169,1254 1196,1254"/>
                <Word id="rVsdZ_1l11_w1" custom="readingOrder {index:0;}">
                    <Coords points="740,1209 740,1269 809,1269 809,1209"/>
                    <TextEquiv>
                        <Unicode>no.</Unicode>
                    </TextEquiv>
                </Word>
                <Word id="rVsdZ_1l11_w2" custom="readingOrder {index:1;}">
                    <Coords points="826,1208 826,1268 897,1268 897,1208"/>
                    <TextEquiv>
                        <Unicode>85.</Unicode>
                    </TextEquiv>
                </Word>
                <Word id="rVsdZ_1l11_w3" custom="readingOrder {index:2;}">
                    <Coords points="919,1208 919,1268 1018,1268 1018,1208"/>
                    <TextEquiv>
                        <Unicode>Hain</Unicode>
                    </TextEquiv>
                </Word>
                <Word id="rVsdZ_1l11_w4" custom="readingOrder {index:3;}">
                    <Coords points="1053,1211 1053,1271 1203,1271 1203,1211"/>
                    <TextEquiv>
                        <Unicode>10150.</Unicode>
                    </TextEquiv>
                </Word>
                <TextEquiv>
                    <Unicode>no. 85. Hain 10150.</Unicode>
                </TextEquiv>
            </TextLine>
            <TextLine id="rVsdZ_1l12" custom="readingOrder {index:11;}">
                <Coords points="791,1325 2179,1330 2179,1277 1812,1253 1707,1292 792,1267"/>
                <Baseline points="800,1310 868,1312 937,1312 1005,1312 1074,1312 1142,1314 1211,1314 1279,1314 1348,1316 1416,1316 1485,1316 1553,1318 1622,1318 1690,1318 1759,1318 1827,1318 1896,1320 1964,1320 2033,1320 2101,1320 2170,1320"/>
                <Word id="rVsdZ_1l12_w1" custom="readingOrder {index:0;}">
                    <Coords points="792,1270 792,1330 845,1330 845,1270"/>
                    <TextEquiv>
                        <Unicode>An</Unicode>
                    </TextEquiv>
                </Word>
                <Word id="rVsdZ_1l12_w2" custom="readingOrder {index:1;}">
                    <Coords points="875,1272 875,1332 1059,1332 1059,1272"/>
                    <TextEquiv>
                        <Unicode>abridged</Unicode>
                    </TextEquiv>
                </Word>
                <Word id="rVsdZ_1l12_w3" custom="readingOrder {index:2;}">
                    <Coords points="1089,1274 1089,1334 1315,1334 1315,1274"/>
                    <TextEquiv>
                        <Unicode>translation</Unicode>
                    </TextEquiv>
                </Word>
                <Word id="rVsdZ_1l12_w4" custom="readingOrder {index:3;}">
                    <Coords points="1344,1276 1344,1336 1386,1336 1386,1276"/>
                    <TextEquiv>
                        <Unicode>by</Unicode>
                    </TextEquiv>
                </Word>
                <Word id="rVsdZ_1l12_w5" custom="readingOrder {index:4;}">
                    <Coords points="1416,1276 1416,1336 1535,1336 1535,1276"/>
                    <TextEquiv>
                        <Unicode>Pedro</Unicode>
                    </TextEquiv>
                </Word>
                <Word id="rVsdZ_1l12_w6" custom="readingOrder {index:5;}">
                    <Coords points="1564,1278 1564,1338 1695,1338 1695,1278"/>
                    <TextEquiv>
                        <Unicode>López</Unicode>
                    </TextEquiv>
                </Word>
                <Word id="rVsdZ_1l12_w7" custom="readingOrder {index:6;}">
                    <Coords points="1725,1278 1725,1338 1760,1338 1760,1278"/>
                    <TextEquiv>
                        <Unicode>de</Unicode>
                    </TextEquiv>
                </Word>
                <Word id="rVsdZ_1l12_w8" custom="readingOrder {index:7;}">
                    <Coords points="1790,1278 1790,1338 1909,1338 1909,1278"/>
                    <TextEquiv>
                        <Unicode>Ayala</Unicode>
                    </TextEquiv>
                </Word>
                <Word id="rVsdZ_1l12_w9" custom="readingOrder {index:8;}">
                    <Coords points="1932,1280 1932,1340 2039,1340 2039,1280"/>
                    <TextEquiv>
                        <Unicode>made</Unicode>
                    </TextEquiv>
                </Word>
                <Word id="rVsdZ_1l12_w10" custom="readingOrder {index:9;}">
                    <Coords points="2069,1280 2069,1340 2146,1340 2146,1280"/>
                    <TextEquiv>
                        <Unicode>from</Unicode>
                    </TextEquiv>
                </Word>
                <TextEquiv>
                    <Unicode>An abridged translation by Pedro López de Ayala made from</Unicode>
                </TextEquiv>
            </TextLine>
            <TextLine id="rVsdZ_1l13" custom="readingOrder {index:12;}">
                <Coords points="732,1371 1596,1379 1596,1341 1535,1328 732,1318"/>
                <Baseline points="740,1362 782,1362 824,1364 867,1364 909,1364 952,1364 994,1364 1036,1364 1079,1363 1121,1362 1164,1362 1206,1362 1248,1362 1291,1362 1333,1364 1376,1364 1418,1364 1460,1366 1503,1367 1545,1369 1588,1370"/>
                <Word id="rVsdZ_1l13_w1" custom="readingOrder {index:0;}">
                    <Coords points="738,1322 738,1382 794,1382 794,1322"/>
                    <TextEquiv>
                        <Unicode>the</Unicode>
                    </TextEquiv>
                </Word>
                <Word id="rVsdZ_1l13_w2" custom="readingOrder {index:1;}">
                    <Coords points="828,1324 828,1384 973,1384 973,1324"/>
                    <TextEquiv>
                        <Unicode>French</Unicode>
                    </TextEquiv>
                </Word>
                <Word id="rVsdZ_1l13_w3" custom="readingOrder {index:2;}">
                    <Coords points="1006,1323 1006,1383 1152,1383 1152,1323"/>
                    <TextEquiv>
                        <Unicode>version</Unicode>
                    </TextEquiv>
                </Word>
                <Word id="rVsdZ_1l13_w4" custom="readingOrder {index:3;}">
                    <Coords points="1185,1322 1185,1382 1225,1382 1225,1322"/>
                    <TextEquiv>
                        <Unicode>of</Unicode>
                    </TextEquiv>
                </Word>
                <Word id="rVsdZ_1l13_w5" custom="readingOrder {index:4;}">
                    <Coords points="1247,1322 1247,1382 1370,1382 1370,1322"/>
                    <TextEquiv>
                        <Unicode>Pierre</Unicode>
                    </TextEquiv>
                </Word>
                <Word id="rVsdZ_1l13_w6" custom="readingOrder {index:5;}">
                    <Coords points="1398,1326 1398,1386 1599,1386 1599,1326"/>
                    <TextEquiv>
                        <Unicode>Bersuire.</Unicode>
                    </TextEquiv>
                </Word>
                <TextEquiv>
                    <Unicode>the French version of Pierre Bersuire.</Unicode>
                </TextEquiv>
            </TextLine>
            <TextLine id="rVsdZ_1l14" custom="readingOrder {index:13;}">
                <Coords points="793,1432 2164,1454 2177,1399 793,1389"/>
                <Baseline points="802,1422 870,1424 938,1424 1006,1426 1075,1426 1143,1428 1211,1428 1280,1428 1348,1430 1416,1430 1485,1430 1553,1431 1621,1432 1689,1432 1758,1432 1826,1432 1894,1434 1963,1434 2031,1434 2099,1434 2168,1434"/>
                <Word id="rVsdZ_1l14_w1" custom="readingOrder {index:0;}">
                    <Coords points="795,1382 795,1442 873,1442 873,1382"/>
                    <TextEquiv>
                        <Unicode>The</Unicode>
                    </TextEquiv>
                </Word>
                <Word id="rVsdZ_1l14_w2" custom="readingOrder {index:1;}">
                    <Coords points="897,1385 897,1445 1098,1445 1098,1385"/>
                    <TextEquiv>
                        <Unicode>title-page</Unicode>
                    </TextEquiv>
                </Word>
                <Word id="rVsdZ_1l14_w3" custom="readingOrder {index:2;}">
                    <Coords points="1128,1388 1128,1448 1189,1448 1189,1388"/>
                    <TextEquiv>
                        <Unicode>cut</Unicode>
                    </TextEquiv>
                </Word>
                <Word id="rVsdZ_1l14_w4" custom="readingOrder {index:3;}">
                    <Coords points="1208,1388 1208,1448 1390,1448 1390,1388"/>
                    <TextEquiv>
                        <Unicode>(wanting</Unicode>
                    </TextEquiv>
                </Word>
                <Word id="rVsdZ_1l14_w5" custom="readingOrder {index:4;}">
                    <Coords points="1420,1390 1420,1450 1444,1450 1444,1390"/>
                    <TextEquiv>
                        <Unicode>in</Unicode>
                    </TextEquiv>
                </Word>
                <Word id="rVsdZ_1l14_w6" custom="readingOrder {index:5;}">
                    <Coords points="1475,1390 1475,1450 1548,1450 1548,1390"/>
                    <TextEquiv>
                        <Unicode>this</Unicode>
                    </TextEquiv>
                </Word>
                <Word id="rVsdZ_1l14_w7" custom="readingOrder {index:6;}">
                    <Coords points="1572,1392 1572,1452 1688,1452 1688,1392"/>
                    <TextEquiv>
                        <Unicode>copy)</Unicode>
                    </TextEquiv>
                </Word>
                <Word id="rVsdZ_1l14_w8" custom="readingOrder {index:7;}">
                    <Coords points="1706,1392 1706,1452 1925,1452 1925,1392"/>
                    <TextEquiv>
                        <Unicode>represents</Unicode>
                    </TextEquiv>
                </Word>
                <Word id="rVsdZ_1l14_w9" custom="readingOrder {index:8;}">
                    <Coords points="1949,1394 1949,1454 2003,1454 2003,1394"/>
                    <TextEquiv>
                        <Unicode>the</Unicode>
                    </TextEquiv>
                </Word>
                <Word id="rVsdZ_1l14_w10" custom="readingOrder {index:9;}">
                    <Coords points="2034,1394 2034,1454 2168,1454 2168,1394"/>
                    <TextEquiv>
                        <Unicode>author</Unicode>
                    </TextEquiv>
                </Word>
                <TextEquiv>
                    <Unicode>The title-page cut (wanting in this copy) represents the author</Unicode>
                </TextEquiv>
            </TextLine>
            <TextLine id="rVsdZ_1l15" custom="readingOrder {index:14;}">
                <Coords points="727,1490 1163,1495 1164,1448 1121,1435 1037,1457 998,1438 945,1450 896,1433 864,1447 728,1447"/>
                <Baseline points="736,1474 762,1476 788,1477 814,1478 840,1478 866,1478 892,1478 918,1478 945,1478 971,1478 997,1478 1023,1480 1049,1480 1075,1480 1101,1481 1127,1482 1154,1484"/>
                <Word id="rVsdZ_1l15_w1" custom="readingOrder {index:0;}">
                    <Coords points="732,1437 732,1497 862,1497 862,1437"/>
                    <TextEquiv>
                        <Unicode>seated</Unicode>
                    </TextEquiv>
                </Word>
                <Word id="rVsdZ_1l15_w2" custom="readingOrder {index:1;}">
                    <Coords points="893,1438 893,1498 931,1498 931,1438"/>
                    <TextEquiv>
                        <Unicode>at</Unicode>
                    </TextEquiv>
                </Word>
                <Word id="rVsdZ_1l15_w3" custom="readingOrder {index:2;}">
                    <Coords points="953,1438 953,1498 1012,1498 1012,1438"/>
                    <TextEquiv>
                        <Unicode>his</Unicode>
                    </TextEquiv>
                </Word>
                <Word id="rVsdZ_1l15_w4" custom="readingOrder {index:3;}">
                    <Coords points="1038,1440 1038,1500 1157,1500 1157,1440"/>
                    <TextEquiv>
                        <Unicode>desk.</Unicode>
                    </TextEquiv>
                </Word>
                <TextEquiv>
                    <Unicode>seated at his desk.</Unicode>
                </TextEquiv>
            </TextLine>
            <TextLine id="rVsdZ_1l16" custom="readingOrder {index:15;}">
                <Coords points="803,1595 2170,1595 2171,1530 803,1526"/>
                <Baseline points="812,1562 879,1564 947,1566 1014,1566 1082,1568 1149,1569 1217,1570 1284,1570 1352,1572 1419,1572 1487,1572 1554,1572 1622,1572 1689,1572 1757,1572 1824,1573 1892,1574 1959,1574 2027,1574 2094,1576 2162,1576"/>
                <Word id="rVsdZ_1l16_w1" custom="readingOrder {index:0;}">
                    <Coords points="799,1524 799,1584 1020,1584 1020,1524"/>
                    <TextEquiv>
                        <Unicode>277X201</Unicode>
                    </TextEquiv>
                </Word>
                <Word id="rVsdZ_1l16_w2" custom="readingOrder {index:1;}">
                    <Coords points="1047,1528 1047,1588 1161,1588 1161,1528"/>
                    <TextEquiv>
                        <Unicode>mm.</Unicode>
                    </TextEquiv>
                </Word>
                <Word id="rVsdZ_1l16_w3" custom="readingOrder {index:2;}">
                    <Coords points="1188,1530 1188,1590 1443,1590 1443,1530"/>
                    <TextEquiv>
                        <Unicode>Imperfect,</Unicode>
                    </TextEquiv>
                </Word>
                <Word id="rVsdZ_1l16_w4" custom="readingOrder {index:3;}">
                    <Coords points="1463,1532 1463,1592 1644,1592 1644,1532"/>
                    <TextEquiv>
                        <Unicode>wanting</Unicode>
                    </TextEquiv>
                </Word>
                <Word id="rVsdZ_1l16_w5" custom="readingOrder {index:4;}">
                    <Coords points="1677,1532 1677,1592 1745,1592 1745,1532"/>
                    <TextEquiv>
                        <Unicode>the</Unicode>
                    </TextEquiv>
                </Word>
                <Word id="rVsdZ_1l16_w6" custom="readingOrder {index:5;}">
                    <Coords points="1771,1532 1771,1592 1858,1592 1858,1532"/>
                    <TextEquiv>
                        <Unicode>title</Unicode>
                    </TextEquiv>
                </Word>
                <Word id="rVsdZ_1l16_w7" custom="readingOrder {index:6;}">
                    <Coords points="1885,1534 1885,1594 1959,1594 1959,1534"/>
                    <TextEquiv>
                        <Unicode>and</Unicode>
                    </TextEquiv>
                </Word>
                <Word id="rVsdZ_1l16_w8" custom="readingOrder {index:7;}">
                    <Coords points="1999,1534 1999,1594 2066,1594 2066,1534"/>
                    <TextEquiv>
                        <Unicode>the</Unicode>
                    </TextEquiv>
                </Word>
                <Word id="rVsdZ_1l16_w9" custom="readingOrder {index:8;}">
                    <Coords points="2093,1536 2093,1596 2166,1596 2166,1536"/>
                    <TextEquiv>
                        <Unicode>last</Unicode>
                    </TextEquiv>
                </Word>
                <TextEquiv>
                    <Unicode>277X201 mm. Imperfect, wanting the title and the last</Unicode>
                </TextEquiv>
            </TextLine>
            <TextLine id="rVsdZ_1l17" custom="readingOrder {index:16;}">
                <Coords points="721,1634 2166,1661 2118,1586 722,1599"/>
                <Baseline points="730,1626 801,1628 872,1628 944,1628 1015,1630 1087,1630 1158,1632 1229,1632 1301,1633 1372,1634 1444,1634 1515,1636 1586,1636 1658,1636 1729,1638 1801,1638 1872,1638 1943,1640 2015,1640 2086,1640 2158,1640"/>
                <Word id="rVsdZ_1l17_w1" custom="readingOrder {index:0;}">
                    <Coords points="725,1587 725,1647 844,1647 844,1587"/>
                    <TextEquiv>
                        <Unicode>three</Unicode>
                    </TextEquiv>
                </Word>
                <Word id="rVsdZ_1l17_w2" custom="readingOrder {index:1;}">
                    <Coords points="888,1588 888,1648 1051,1648 1051,1588"/>
                    <TextEquiv>
                        <Unicode>leaves.</Unicode>
                    </TextEquiv>
                </Word>
                <Word id="rVsdZ_1l17_w3" custom="readingOrder {index:2;}">
                    <Coords points="1102,1592 1102,1652 1325,1652 1325,1592"/>
                    <TextEquiv>
                        <Unicode>Formerly</Unicode>
                    </TextEquiv>
                </Word>
                <Word id="rVsdZ_1l17_w4" custom="readingOrder {index:3;}">
                    <Coords points="1369,1594 1369,1654 1510,1654 1510,1594"/>
                    <TextEquiv>
                        <Unicode>bound</Unicode>
                    </TextEquiv>
                </Word>
                <Word id="rVsdZ_1l17_w5" custom="readingOrder {index:4;}">
                    <Coords points="1561,1596 1561,1656 1658,1656 1658,1596"/>
                    <TextEquiv>
                        <Unicode>with</Unicode>
                    </TextEquiv>
                </Word>
                <Word id="rVsdZ_1l17_w6" custom="readingOrder {index:5;}">
                    <Coords points="1702,1598 1702,1658 1784,1658 1784,1598"/>
                    <TextEquiv>
                        <Unicode>IB.</Unicode>
                    </TextEquiv>
                </Word>
                <Word id="rVsdZ_1l17_w7" custom="readingOrder {index:6;}">
                    <Coords points="1820,1598 1820,1658 1954,1658 1954,1598"/>
                    <TextEquiv>
                        <Unicode>52424</Unicode>
                    </TextEquiv>
                </Word>
                <Word id="rVsdZ_1l17_w8" custom="readingOrder {index:7;}">
                    <Coords points="1998,1600 1998,1660 2177,1660 2177,1600"/>
                    <TextEquiv>
                        <Unicode>(Mejia,</Unicode>
                    </TextEquiv>
                </Word>
                <TextEquiv>
                    <Unicode>three leaves. Formerly bound with IB. 52424 (Mejia,</Unicode>
                </TextEquiv>
            </TextLine>
            <TextLine id="rVsdZ_1l18" custom="readingOrder {index:17;}">
                <Coords points="731,1711 2111,1737 2164,1667 731,1639"/>
                <Baseline points="740,1690 810,1692 881,1692 952,1692 1022,1692 1093,1694 1164,1694 1234,1694 1305,1696 1376,1696 1447,1696 1517,1697 1588,1698 1659,1698 1729,1700 1800,1700 1871,1701 1941,1702 2012,1702 2083,1704 2154,1704"/>
                <Word id="rVsdZ_1l18_w1" custom="readingOrder {index:0;}">
                    <Coords points="737,1652 737,1712 1004,1712 1004,1652"/>
                    <TextEquiv>
                        <Unicode>Nobiliario,</Unicode>
                    </TextEquiv>
                </Word>
                <Word id="rVsdZ_1l18_w2" custom="readingOrder {index:1;}">
                    <Coords points="1028,1653 1028,1713 1133,1713 1133,1653"/>
                    <TextEquiv>
                        <Unicode>Brun</Unicode>
                    </TextEquiv>
                </Word>
                <Word id="rVsdZ_1l18_w3" custom="readingOrder {index:2;}">
                    <Coords points="1175,1654 1175,1714 1248,1714 1248,1654"/>
                    <TextEquiv>
                        <Unicode>and</Unicode>
                    </TextEquiv>
                </Word>
                <Word id="rVsdZ_1l18_w4" custom="readingOrder {index:3;}">
                    <Coords points="1280,1656 1280,1716 1459,1716 1459,1656"/>
                    <TextEquiv>
                        <Unicode>Gentil,</Unicode>
                    </TextEquiv>
                </Word>
                <Word id="rVsdZ_1l18_w5" custom="readingOrder {index:4;}">
                    <Coords points="1483,1657 1483,1717 1662,1717 1662,1657"/>
                    <TextEquiv>
                        <Unicode>Seville,</Unicode>
                    </TextEquiv>
                </Word>
                <Word id="rVsdZ_1l18_w6" custom="readingOrder {index:5;}">
                    <Coords points="1678,1659 1678,1719 1726,1719 1726,1659"/>
                    <TextEquiv>
                        <Unicode>30</Unicode>
                    </TextEquiv>
                </Word>
                <Word id="rVsdZ_1l18_w7" custom="readingOrder {index:6;}">
                    <Coords points="1760,1660 1760,1720 1889,1720 1889,1660"/>
                    <TextEquiv>
                        <Unicode>June,</Unicode>
                    </TextEquiv>
                </Word>
                <Word id="rVsdZ_1l18_w8" custom="readingOrder {index:7;}">
                    <Coords points="1913,1662 1913,1722 2059,1722 2059,1662"/>
                    <TextEquiv>
                        <Unicode>1492),</Unicode>
                    </TextEquiv>
                </Word>
                <Word id="rVsdZ_1l18_w9" custom="readingOrder {index:8;}">
                    <Coords points="2084,1664 2084,1724 2174,1724 2174,1664"/>
                    <TextEquiv>
                        <Unicode>q.v.</Unicode>
                    </TextEquiv>
                </Word>
                <TextEquiv>
                    <Unicode>Nobiliario, Brun and Gentil, Seville, 30 June, 1492), q.v.</Unicode>
                </TextEquiv>
            </TextLine>
            <TextLine id="rVsdZ_1l19" custom="readingOrder {index:18;}">
                <Coords points="731,1772 2185,1793 2140,1711 731,1712"/>
                <Baseline points="740,1754 811,1754 883,1756 955,1756 1027,1756 1099,1756 1170,1758 1242,1758 1314,1758 1386,1758 1458,1760 1529,1760 1601,1760 1673,1760 1745,1761 1817,1762 1888,1762 1960,1762 2032,1762 2104,1762 2176,1762"/>
                <Word id="rVsdZ_1l19_w1" custom="readingOrder {index:0;}">
                    <Coords points="733,1714 733,1774 882,1774 882,1714"/>
                    <TextEquiv>
                        <Unicode>Bound</Unicode>
                    </TextEquiv>
                </Word>
                <Word id="rVsdZ_1l19_w2" custom="readingOrder {index:1;}">
                    <Coords points="928,1716 928,1776 967,1776 967,1716"/>
                    <TextEquiv>
                        <Unicode>in</Unicode>
                    </TextEquiv>
                </Word>
                <Word id="rVsdZ_1l19_w3" custom="readingOrder {index:2;}">
                    <Coords points="1012,1716 1012,1776 1188,1776 1188,1716"/>
                    <TextEquiv>
                        <Unicode>modern</Unicode>
                    </TextEquiv>
                </Word>
                <Word id="rVsdZ_1l19_w4" custom="readingOrder {index:3;}">
                    <Coords points="1239,1718 1239,1778 1331,1778 1331,1718"/>
                    <TextEquiv>
                        <Unicode>half</Unicode>
                    </TextEquiv>
                </Word>
                <Word id="rVsdZ_1l19_w5" custom="readingOrder {index:4;}">
                    <Coords points="1363,1719 1363,1779 1512,1779 1512,1719"/>
                    <TextEquiv>
                        <Unicode>brown</Unicode>
                    </TextEquiv>
                </Word>
                <Word id="rVsdZ_1l19_w6" custom="readingOrder {index:5;}">
                    <Coords points="1558,1720 1558,1780 1759,1780 1759,1720"/>
                    <TextEquiv>
                        <Unicode>morocco</Unicode>
                    </TextEquiv>
                </Word>
                <Word id="rVsdZ_1l19_w7" custom="readingOrder {index:6;}">
                    <Coords points="1804,1722 1804,1782 1850,1782 1850,1722"/>
                    <TextEquiv>
                        <Unicode>by</Unicode>
                    </TextEquiv>
                </Word>
                <Word id="rVsdZ_1l19_w8" custom="readingOrder {index:7;}">
                    <Coords points="1895,1722 1895,1782 1967,1782 1967,1722"/>
                    <TextEquiv>
                        <Unicode>the</Unicode>
                    </TextEquiv>
                </Word>
                <Word id="rVsdZ_1l19_w9" custom="readingOrder {index:8;}">
                    <Coords points="2005,1722 2005,1782 2161,1782 2161,1722"/>
                    <TextEquiv>
                        <Unicode>British</Unicode>
                    </TextEquiv>
                </Word>
                <TextEquiv>
                    <Unicode>Bound in modern half brown morocco by the British</Unicode>
                </TextEquiv>
            </TextLine>
            <TextLine id="rVsdZ_1l20" custom="readingOrder {index:19;}">
                <Coords points="728,1824 1196,1839 1196,1783 1149,1774 878,1792 818,1790 791,1768 728,1780"/>
                <Baseline points="736,1818 761,1818 786,1818 811,1818 836,1818 861,1818 886,1818 911,1818 936,1818 962,1818 987,1818 1012,1818 1037,1818 1062,1818 1087,1818 1112,1820 1137,1820 1162,1821 1188,1822"/>
                <Word id="rVsdZ_1l20_w1" custom="readingOrder {index:0;}">
                    <Coords points="730,1778 730,1838 922,1838 922,1778"/>
                    <TextEquiv>
                        <Unicode>Museum</Unicode>
                    </TextEquiv>
                </Word>
                <Word id="rVsdZ_1l20_w2" custom="readingOrder {index:1;}">
                    <Coords points="981,1778 981,1838 1192,1838 1192,1778"/>
                    <TextEquiv>
                        <Unicode>bindery.</Unicode>
                    </TextEquiv>
                </Word>
                <TextEquiv>
                    <Unicode>Museum bindery.</Unicode>
                </TextEquiv>
            </TextLine>
            <TextLine id="rVsdZ_1l21" custom="readingOrder {index:20;}">
                <Coords points="787,1910 918,1924 995,1898 1242,1929 1442,1905 1442,1876 1354,1844 1153,1866 1083,1840 938,1840 903,1866 788,1848"/>
                <Baseline points="796,1890 827,1892 859,1892 891,1892 923,1894 955,1894 986,1894 1018,1894 1050,1895 1082,1896 1114,1896 1145,1896 1177,1896 1209,1896 1241,1897 1273,1898 1304,1898 1336,1900 1368,1900 1400,1901 1432,1902"/>
                <Word id="rVsdZ_1l21_w1" custom="readingOrder {index:0;}">
                    <Coords points="799,1852 799,1912 971,1912 971,1852"/>
                    <TextEquiv>
                        <Unicode>Bought</Unicode>
                    </TextEquiv>
                </Word>
                <Word id="rVsdZ_1l21_w2" custom="readingOrder {index:1;}">
                    <Coords points="1001,1854 1001,1914 1031,1914 1031,1854"/>
                    <TextEquiv>
                        <Unicode>in</Unicode>
                    </TextEquiv>
                </Word>
                <Word id="rVsdZ_1l21_w3" custom="readingOrder {index:2;}">
                    <Coords points="1068,1856 1068,1916 1279,1916 1279,1856"/>
                    <TextEquiv>
                        <Unicode>January,</Unicode>
                    </TextEquiv>
                </Word>
                <Word id="rVsdZ_1l21_w4" custom="readingOrder {index:3;}">
                    <Coords points="1308,1860 1308,1920 1436,1920 1436,1860"/>
                    <TextEquiv>
                        <Unicode>1849.</Unicode>
                    </TextEquiv>
                </Word>
                <TextEquiv>
                    <Unicode>Bought in January, 1849.</Unicode>
                </TextEquiv>
            </TextLine>
            <TextLine id="rVsdZ_1l22" custom="readingOrder {index:21;}">
                <Coords points="1890,1905 1971,1906 2021,1933 2063,1909 2181,1914 2182,1867 2157,1868 2141,1853 2109,1859 2071,1838 2027,1866 1979,1844 1971,1851 1943,1836 1892,1832"/>
                <Baseline points="1900,1894 1927,1894 1954,1895 1981,1896 2008,1898 2036,1898 2063,1899 2090,1900 2117,1900 2144,1902 2172,1902"/>
                <Word id="rVsdZ_1l22_w1" custom="readingOrder {index:0;}">
                    <Coords points="1896,1854 1896,1914 1980,1914 1980,1854"/>
                    <TextEquiv>
                        <Unicode>IB.</Unicode>
                    </TextEquiv>
                </Word>
                <Word id="rVsdZ_1l22_w2" custom="readingOrder {index:1;}">
                    <Coords points="2006,1860 2006,1920 2182,1920 2182,1860"/>
                    <TextEquiv>
                        <Unicode>52828.</Unicode>
                    </TextEquiv>
                </Word>
                <TextEquiv>
                    <Unicode>IB. 52828.</Unicode>
                </TextEquiv>
            </TextLine>
            <TextLine id="rVsdZ_1l23" custom="readingOrder {index:22;}">
                <Coords points="715,2117 2169,2127 2170,2045 715,2059"/>
                <Baseline points="724,2096 795,2095 867,2094 939,2094 1011,2096 1083,2096 1154,2096 1226,2096 1298,2097 1370,2098 1442,2098 1513,2098 1585,2100 1657,2100 1729,2100 1801,2100 1872,2102 1944,2102 2016,2102 2088,2100 2160,2100"/>
                <Word id="rVsdZ_1l23_w1" custom="readingOrder {index:0;}">
                    <Coords points="724,2054 724,2114 960,2114 960,2054"/>
                    <TextEquiv>
                        <Unicode>LÖPEZ</Unicode>
                    </TextEquiv>
                </Word>
                <Word id="rVsdZ_1l23_w2" custom="readingOrder {index:1;}">
                    <Coords points="1028,2056 1028,2116 1127,2116 1127,2056"/>
                    <TextEquiv>
                        <Unicode>DE</Unicode>
                    </TextEquiv>
                </Word>
                <Word id="rVsdZ_1l23_w3" custom="readingOrder {index:2;}">
                    <Coords points="1196,2058 1196,2118 1746,2118 1746,2058"/>
                    <TextEquiv>
                        <Unicode>VILLALOBOS,</Unicode>
                    </TextEquiv>
                </Word>
                <Word id="rVsdZ_1l23_w4" custom="readingOrder {index:3;}">
                    <Coords points="1805,2062 1805,2122 2169,2122 2169,2062"/>
                    <TextEquiv>
                        <Unicode>FRANCISCO.</Unicode>
                    </TextEquiv>
                </Word>
                <TextEquiv>
                    <Unicode>LÖPEZ DE VILLALOBOS, FRANCISCO.</Unicode>
                </TextEquiv>
            </TextLine>
            <TextLine id="rVsdZ_1l24" custom="readingOrder {index:23;}">
                <Coords points="808,2201 1064,2203 1106,2175 1426,2214 1459,2190 1529,2202 1530,2128 1407,2147 1358,2115 1277,2144 1143,2119 1094,2144 808,2122"/>
                <Baseline points="816,2174 851,2175 886,2176 921,2177 956,2178 992,2178 1027,2178 1062,2178 1097,2178 1132,2178 1168,2178 1203,2178 1238,2178 1273,2178 1308,2178 1344,2180 1379,2180 1414,2180 1449,2182 1484,2182 1520,2184"/>
                <Word id="rVsdZ_1l24_w1" custom="readingOrder {index:0;}">
                    <Coords points="821,2137 821,2197 1070,2197 1070,2137"/>
                    <TextEquiv>
                        <Unicode>Sumario</Unicode>
                    </TextEquiv>
                </Word>
                <Word id="rVsdZ_1l24_w2" custom="readingOrder {index:1;}">
                    <Coords points="1118,2138 1118,2198 1172,2198 1172,2138"/>
                    <TextEquiv>
                        <Unicode>de</Unicode>
                    </TextEquiv>
                </Word>
                <Word id="rVsdZ_1l24_w3" custom="readingOrder {index:2;}">
                    <Coords points="1218,2140 1218,2200 1531,2200 1531,2140"/>
                    <TextEquiv>
                        <Unicode>medicina.</Unicode>
                    </TextEquiv>
                </Word>
                <TextEquiv>
                    <Unicode>Sumario de medicina.</Unicode>
                </TextEquiv>
            </TextLine>
            <TextLine id="rVsdZ_1l25" custom="readingOrder {index:24;}">
                <Coords points="1988,2196 2033,2198 2048,2212 2078,2218 2114,2199 2125,2207 2145,2196 2172,2203 2172,2125 2158,2129 2138,2120 2089,2136 2073,2131 2057,2143 2044,2136 2024,2143 2011,2133 1988,2143"/>
                <Baseline points="1996,2184 2024,2184 2052,2184 2080,2184 2108,2184 2136,2184 2164,2184"/>
                <Word id="rVsdZ_1l25_w1" custom="readingOrder {index:0;}">
                    <Coords points="1997,2144 1997,2204 2171,2204 2171,2144"/>
                    <TextEquiv>
                        <Unicode>1498.</Unicode>
                    </TextEquiv>
                </Word>
                <TextEquiv>
                    <Unicode>1498.</Unicode>
                </TextEquiv>
            </TextLine>
            <TextLine id="rVsdZ_1l26" custom="readingOrder {index:25;}">
                <Coords points="786,2293 2164,2299 2165,2232 787,2223"/>
                <Baseline points="796,2272 864,2272 932,2272 1000,2274 1068,2274 1136,2274 1204,2276 1272,2276 1340,2276 1408,2278 1476,2278 1544,2280 1612,2280 1680,2280 1748,2282 1816,2282 1884,2282 1952,2282 2020,2282 2088,2282 2156,2282"/>
                <Word id="rVsdZ_1l26_w1" custom="readingOrder {index:0;}">
                    <Coords points="796,2232 796,2292 851,2292 851,2232"/>
                    <TextEquiv>
                        <Unicode>12,</Unicode>
                    </TextEquiv>
                </Word>
                <Word id="rVsdZ_1l26_w2" custom="readingOrder {index:1;}">
                    <Coords points="879,2232 879,2292 1044,2292 1044,2232"/>
                    <TextEquiv>
                        <Unicode>TITLE:</Unicode>
                    </TextEquiv>
                </Word>
                <Word id="rVsdZ_1l26_w3" custom="readingOrder {index:2;}">
                    <Coords points="1071,2234 1071,2294 1127,2294 1127,2234"/>
                    <TextEquiv>
                        <Unicode>El</Unicode>
                    </TextEquiv>
                </Word>
                <Word id="rVsdZ_1l26_w4" custom="readingOrder {index:3;}">
                    <Coords points="1147,2236 1147,2296 1333,2296 1333,2236"/>
                    <TextEquiv>
                        <Unicode>sumario</Unicode>
                    </TextEquiv>
                </Word>
                <Word id="rVsdZ_1l26_w5" custom="readingOrder {index:4;}">
                    <Coords points="1367,2238 1367,2298 1457,2298 1457,2238"/>
                    <TextEquiv>
                        <Unicode>dela</Unicode>
                    </TextEquiv>
                </Word>
                <Word id="rVsdZ_1l26_w6" custom="readingOrder {index:5;}">
                    <Coords points="1485,2240 1485,2300 1740,2300 1740,2240"/>
                    <TextEquiv>
                        <Unicode>medecina.</Unicode>
                    </TextEquiv>
                </Word>
                <Word id="rVsdZ_1l26_w7" custom="readingOrder {index:6;}">
                    <Coords points="1802,2242 1802,2302 1878,2302 1878,2242"/>
                    <TextEquiv>
                        <Unicode>con</Unicode>
                    </TextEquiv>
                </Word>
                <Word id="rVsdZ_1l26_w8" custom="readingOrder {index:7;}">
                    <Coords points="1912,2242 1912,2302 1960,2302 1960,2242"/>
                    <TextEquiv>
                        <Unicode>vn</Unicode>
                    </TextEquiv>
                </Word>
                <Word id="rVsdZ_1l26_w9" custom="readingOrder {index:8;}">
                    <Coords points="1995,2242 1995,2302 2160,2302 2160,2242"/>
                    <TextEquiv>
                        <Unicode>tratado</Unicode>
                    </TextEquiv>
                </Word>
                <TextEquiv>
                    <Unicode>12, TITLE: El sumario dela medecina. con vn tratado</Unicode>
                </TextEquiv>
            </TextLine>
            <TextLine id="rVsdZ_1l27" custom="readingOrder {index:26;}">
                <Coords points="721,2354 2172,2351 2100,2295 721,2305"/>
                <Baseline points="730,2340 801,2340 873,2338 944,2338 1016,2339 1088,2340 1159,2340 1231,2340 1302,2340 1374,2342 1446,2342 1517,2342 1589,2344 1660,2344 1732,2344 1804,2344 1875,2346 1947,2346 2018,2346 2090,2344 2162,2344"/>
                <Word id="rVsdZ_1l27_w1" custom="readingOrder {index:0;}">
                    <Coords points="724,2300 724,2360 849,2360 849,2300"/>
                    <TextEquiv>
                        <Unicode>sobre</Unicode>
                    </TextEquiv>
                </Word>
                <Word id="rVsdZ_1l27_w2" custom="readingOrder {index:1;}">
                    <Coords points="896,2298 896,2358 956,2358 956,2298"/>
                    <TextEquiv>
                        <Unicode>las</Unicode>
                    </TextEquiv>
                </Word>
                <Word id="rVsdZ_1l27_w3" custom="readingOrder {index:2;}">
                    <Coords points="1002,2300 1002,2360 1253,2360 1253,2300"/>
                    <TextEquiv>
                        <Unicode>pelstiferas</Unicode>
                    </TextEquiv>
                </Word>
                <Word id="rVsdZ_1l27_w4" custom="readingOrder {index:3;}">
                    <Coords points="1293,2302 1293,2362 1459,2362 1459,2302"/>
                    <TextEquiv>
                        <Unicode>buuas.</Unicode>
                    </TextEquiv>
                </Word>
                <Word id="rVsdZ_1l27_w5" custom="readingOrder {index:4;}">
                    <Coords points="1519,2302 1519,2362 1558,2362 1558,2302"/>
                    <TextEquiv>
                        <Unicode>1b</Unicode>
                    </TextEquiv>
                </Word>
                <Word id="rVsdZ_1l27_w6" custom="readingOrder {index:5;}">
                    <Coords points="1618,2304 1618,2364 1929,2364 1929,2304"/>
                    <TextEquiv>
                        <Unicode>Prohemium.</Unicode>
                    </TextEquiv>
                </Word>
                <Word id="rVsdZ_1l27_w7" custom="readingOrder {index:6;}">
                    <Coords points="2029,2304 2029,2364 2168,2364 2168,2304"/>
                    <TextEquiv>
                        <Unicode>COn¬</Unicode>
                    </TextEquiv>
                </Word>
                <TextEquiv>
                    <Unicode>sobre las pelstiferas buuas. 1b Prohemium. COn¬</Unicode>
                </TextEquiv>
            </TextLine>
            <TextLine id="rVsdZ_1l28" custom="readingOrder {index:27;}">
                <Coords points="722,2401 2112,2431 2179,2415 2180,2361 722,2363"/>
                <Baseline points="730,2400 802,2400 874,2402 946,2402 1018,2402 1090,2402 1162,2404 1234,2404 1306,2404 1378,2404 1450,2404 1522,2404 1594,2404 1666,2404 1738,2406 1810,2406 1882,2406 1954,2408 2026,2408 2098,2410 2170,2412"/>
                <Word id="rVsdZ_1l28_w1" custom="readingOrder {index:0;}">
                    <Coords points="724,2360 724,2420 939,2420 939,2360"/>
                    <TextEquiv>
                        <Unicode>sideranti</Unicode>
                    </TextEquiv>
                </Word>
                <Word id="rVsdZ_1l28_w2" custom="readingOrder {index:1;}">
                    <Coords points="971,2362 971,2422 1128,2422 1128,2362"/>
                    <TextEquiv>
                        <Unicode>inquam</Unicode>
                    </TextEquiv>
                </Word>
                <Word id="rVsdZ_1l28_w3" custom="readingOrder {index:2;}">
                    <Coords points="1186,2364 1186,2424 1304,2424 1304,2364"/>
                    <TextEquiv>
                        <Unicode>mihi</Unicode>
                    </TextEquiv>
                </Word>
                <Word id="rVsdZ_1l28_w4" custom="readingOrder {index:3;}">
                    <Coords points="1329,2364 1329,2424 1479,2424 1479,2364"/>
                    <TextEquiv>
                        <Unicode>plura:</Unicode>
                    </TextEquiv>
                </Word>
                <Word id="rVsdZ_1l28_w5" custom="readingOrder {index:4;}">
                    <Coords points="1505,2364 1505,2424 1687,2424 1687,2364"/>
                    <TextEquiv>
                        <Unicode>minime</Unicode>
                    </TextEquiv>
                </Word>
                <Word id="rVsdZ_1l28_w6" custom="readingOrder {index:5;}">
                    <Coords points="1727,2366 1727,2426 1837,2426 1837,2366"/>
                    <TextEquiv>
                        <Unicode>aliud</Unicode>
                    </TextEquiv>
                </Word>
                <Word id="rVsdZ_1l28_w7" custom="readingOrder {index:6;}">
                    <Coords points="1877,2368 1877,2428 2053,2428 2053,2368"/>
                    <TextEquiv>
                        <Unicode>videtur</Unicode>
                    </TextEquiv>
                </Word>
                <Word id="rVsdZ_1l28_w8" custom="readingOrder {index:7;}">
                    <Coords points="2085,2370 2085,2430 2176,2430 2176,2370"/>
                    <TextEquiv>
                        <Unicode>nisi</Unicode>
                    </TextEquiv>
                </Word>
                <TextEquiv>
                    <Unicode>sideranti inquam mihi plura: minime aliud videtur nisi</Unicode>
                </TextEquiv>
            </TextLine>
            <TextLine id="rVsdZ_1l29" custom="readingOrder {index:28;}">
                <Coords points="728,2480 2128,2490 1989,2420 728,2430"/>
                <Baseline points="738,2464 807,2464 876,2464 945,2464 1014,2466 1083,2466 1152,2466 1221,2466 1290,2466 1359,2466 1429,2466 1498,2466 1567,2466 1636,2466 1705,2468 1774,2468 1843,2468 1912,2470 1981,2471 2050,2472 2120,2474"/>
                <Word id="rVsdZ_1l29_w1" custom="readingOrder {index:0;}">
                    <Coords points="737,2424 737,2484 840,2484 840,2424"/>
                    <TextEquiv>
                        <Unicode>quod</Unicode>
                    </TextEquiv>
                </Word>
                <Word id="rVsdZ_1l29_w2" custom="readingOrder {index:1;}">
                    <Coords points="891,2426 891,2486 1188,2486 1188,2426"/>
                    <TextEquiv>
                        <Unicode>medicandi</Unicode>
                    </TextEquiv>
                </Word>
                <Word id="rVsdZ_1l29_w3" custom="readingOrder {index:2;}">
                    <Coords points="1214,2426 1214,2486 1279,2486 1279,2426"/>
                    <TextEquiv>
                        <Unicode>ars</Unicode>
                    </TextEquiv>
                </Word>
                <Word id="rVsdZ_1l29_w4" custom="readingOrder {index:3;}">
                    <Coords points="1311,2426 1311,2486 1343,2486 1343,2426"/>
                    <TextEquiv>
                        <Unicode>in</Unicode>
                    </TextEquiv>
                </Word>
                <Word id="rVsdZ_1l29_w5" custom="readingOrder {index:4;}">
                    <Coords points="1382,2426 1382,2486 1517,2486 1517,2426"/>
                    <TextEquiv>
                        <Unicode>salute</Unicode>
                    </TextEquiv>
                </Word>
                <Word id="rVsdZ_1l29_w6" custom="readingOrder {index:5;}">
                    <Coords points="1556,2426 1556,2486 1750,2486 1750,2426"/>
                    <TextEquiv>
                        <Unicode>conferat</Unicode>
                    </TextEquiv>
                </Word>
                <Word id="rVsdZ_1l29_w7" custom="readingOrder {index:6;}">
                    <Coords points="1783,2430 1783,2490 2124,2490 2124,2430"/>
                    <TextEquiv>
                        <Unicode>egrotantis...</Unicode>
                    </TextEquiv>
                </Word>
                <TextEquiv>
                    <Unicode>quod medicandi ars in salute conferat egrotantis...</Unicode>
                </TextEquiv>
            </TextLine>
            <TextLine id="rVsdZ_1l30" custom="readingOrder {index:29;}">
                <Coords points="723,2530 2167,2545 2167,2498 2030,2484 724,2486"/>
                <Baseline points="732,2524 803,2524 874,2524 945,2526 1017,2526 1088,2526 1159,2526 1231,2528 1302,2528 1373,2528 1445,2530 1516,2530 1587,2530 1658,2530 1730,2530 1801,2532 1872,2532 1944,2532 2015,2532 2086,2532 2158,2532"/>
                <Word id="rVsdZ_1l30_w1" custom="readingOrder {index:0;}">
                    <Coords points="725,2484 725,2544 793,2544 793,2484"/>
                    <TextEquiv>
                        <Unicode>22,</Unicode>
                    </TextEquiv>
                </Word>
                <Word id="rVsdZ_1l30_w2" custom="readingOrder {index:1;}">
                    <Coords points="812,2484 812,2544 837,2544 837,2484"/>
                    <TextEquiv>
                        <Unicode>l.</Unicode>
                    </TextEquiv>
                </Word>
                <Word id="rVsdZ_1l30_w3" custom="readingOrder {index:2;}">
                    <Coords points="855,2484 855,2544 931,2544 931,2484"/>
                    <TextEquiv>
                        <Unicode>27.</Unicode>
                    </TextEquiv>
                </Word>
                <Word id="rVsdZ_1l30_w4" custom="readingOrder {index:3;}">
                    <Coords points="949,2486 949,2546 999,2546 999,2486"/>
                    <TextEquiv>
                        <Unicode>El</Unicode>
                    </TextEquiv>
                </Word>
                <Word id="rVsdZ_1l30_w5" custom="readingOrder {index:4;}">
                    <Coords points="1017,2486 1017,2546 1198,2546 1198,2486"/>
                    <TextEquiv>
                        <Unicode>sumario</Unicode>
                    </TextEquiv>
                </Word>
                <Word id="rVsdZ_1l30_w6" custom="readingOrder {index:5;}">
                    <Coords points="1229,2488 1229,2548 1316,2548 1316,2488"/>
                    <TextEquiv>
                        <Unicode>dela</Unicode>
                    </TextEquiv>
                </Word>
                <Word id="rVsdZ_1l30_w7" custom="readingOrder {index:6;}">
                    <Coords points="1342,2490 1342,2550 1554,2550 1554,2490"/>
                    <TextEquiv>
                        <Unicode>medicina</Unicode>
                    </TextEquiv>
                </Word>
                <Word id="rVsdZ_1l30_w8" custom="readingOrder {index:7;}">
                    <Coords points="1585,2490 1585,2550 1622,2550 1622,2490"/>
                    <TextEquiv>
                        <Unicode>en</Unicode>
                    </TextEquiv>
                </Word>
                <Word id="rVsdZ_1l30_w9" custom="readingOrder {index:8;}">
                    <Coords points="1653,2490 1653,2550 1852,2550 1852,2490"/>
                    <TextEquiv>
                        <Unicode>romance</Unicode>
                    </TextEquiv>
                </Word>
                <Word id="rVsdZ_1l30_w10" custom="readingOrder {index:9;}">
                    <Coords points="1883,2492 1883,2552 2058,2552 2058,2492"/>
                    <TextEquiv>
                        <Unicode>trouado</Unicode>
                    </TextEquiv>
                </Word>
                <Word id="rVsdZ_1l30_w11" custom="readingOrder {index:10;}">
                    <Coords points="2089,2492 2089,2552 2163,2552 2163,2492"/>
                    <TextEquiv>
                        <Unicode>por</Unicode>
                    </TextEquiv>
                </Word>
                <TextEquiv>
                    <Unicode>22, l. 27. El sumario dela medicina en romance trouado por</Unicode>
                </TextEquiv>
            </TextLine>
            <TextLine id="rVsdZ_1l31" custom="readingOrder {index:30;}">
                <Coords points="727,2603 2176,2603 2140,2543 727,2555"/>
                <Baseline points="736,2586 807,2588 879,2588 950,2588 1022,2588 1093,2590 1165,2590 1236,2590 1308,2590 1379,2592 1451,2592 1522,2592 1594,2592 1665,2594 1737,2594 1808,2594 1880,2594 1951,2594 2023,2594 2094,2594 2166,2594"/>
                <Word id="rVsdZ_1l31_w1" custom="readingOrder {index:0;}">
                    <Coords points="729,2546 729,2606 768,2606 768,2546"/>
                    <TextEquiv>
                        <Unicode>el</Unicode>
                    </TextEquiv>
                </Word>
                <Word id="rVsdZ_1l31_w2" custom="readingOrder {index:1;}">
                    <Coords points="800,2548 800,2608 1033,2608 1033,2548"/>
                    <TextEquiv>
                        <Unicode>licenciado</Unicode>
                    </TextEquiv>
                </Word>
                <Word id="rVsdZ_1l31_w3" custom="readingOrder {index:2;}">
                    <Coords points="1124,2550 1124,2610 1175,2610 1175,2550"/>
                    <TextEquiv>
                        <Unicode>de</Unicode>
                    </TextEquiv>
                </Word>
                <Word id="rVsdZ_1l31_w4" custom="readingOrder {index:3;}">
                    <Coords points="1221,2550 1221,2610 1454,2610 1454,2550"/>
                    <TextEquiv>
                        <Unicode>Villalobos</Unicode>
                    </TextEquiv>
                </Word>
                <Word id="rVsdZ_1l31_w5" custom="readingOrder {index:4;}">
                    <Coords points="1492,2552 1492,2612 1732,2612 1732,2552"/>
                    <TextEquiv>
                        <Unicode>estudiante</Unicode>
                    </TextEquiv>
                </Word>
                <Word id="rVsdZ_1l31_w6" custom="readingOrder {index:5;}">
                    <Coords points="1771,2554 1771,2614 1875,2614 1875,2554"/>
                    <TextEquiv>
                        <Unicode>enel</Unicode>
                    </TextEquiv>
                </Word>
                <Word id="rVsdZ_1l31_w7" custom="readingOrder {index:6;}">
                    <Coords points="1901,2554 1901,2614 2069,2614 2069,2554"/>
                    <TextEquiv>
                        <Unicode>estudio</Unicode>
                    </TextEquiv>
                </Word>
                <Word id="rVsdZ_1l31_w8" custom="readingOrder {index:7;}">
                    <Coords points="2114,2554 2114,2614 2159,2614 2159,2554"/>
                    <TextEquiv>
                        <Unicode>de</Unicode>
                    </TextEquiv>
                </Word>
                <TextEquiv>
                    <Unicode>el licenciado de Villalobos estudiante enel estudio de</Unicode>
                </TextEquiv>
            </TextLine>
            <TextLine id="rVsdZ_1l32" custom="readingOrder {index:31;}">
                <Coords points="720,2657 2160,2686 2160,2620 2052,2603 721,2601"/>
                <Baseline points="730,2652 801,2650 872,2650 943,2650 1014,2650 1085,2650 1156,2652 1227,2652 1298,2652 1369,2652 1441,2654 1512,2654 1583,2656 1654,2656 1725,2656 1796,2658 1867,2658 1938,2658 2009,2658 2080,2658 2152,2658"/>
                <Word id="rVsdZ_1l32_w1" custom="readingOrder {index:0;}">
                    <Coords points="730,2610 730,2670 972,2670 972,2610"/>
                    <TextEquiv>
                        <Unicode>Salamaca.</Unicode>
                    </TextEquiv>
                </Word>
                <Word id="rVsdZ_1l32_w2" custom="readingOrder {index:1;}">
                    <Coords points="1012,2610 1012,2670 1153,2670 1153,2610"/>
                    <TextEquiv>
                        <Unicode>hecho</Unicode>
                    </TextEquiv>
                </Word>
                <Word id="rVsdZ_1l32_w3" custom="readingOrder {index:2;}">
                    <Coords points="1187,2612 1187,2672 1207,2672 1207,2612"/>
                    <TextEquiv>
                        <Unicode>a</Unicode>
                    </TextEquiv>
                </Word>
                <Word id="rVsdZ_1l32_w4" custom="readingOrder {index:3;}">
                    <Coords points="1247,2612 1247,2672 1557,2672 1557,2612"/>
                    <TextEquiv>
                        <Unicode>contemplacion</Unicode>
                    </TextEquiv>
                </Word>
                <Word id="rVsdZ_1l32_w5" custom="readingOrder {index:4;}">
                    <Coords points="1604,2616 1604,2676 1678,2676 1678,2616"/>
                    <TextEquiv>
                        <Unicode>del</Unicode>
                    </TextEquiv>
                </Word>
                <Word id="rVsdZ_1l32_w6" custom="readingOrder {index:5;}">
                    <Coords points="1705,2616 1705,2676 1799,2676 1799,2616"/>
                    <TextEquiv>
                        <Unicode>muy</Unicode>
                    </TextEquiv>
                </Word>
                <Word id="rVsdZ_1l32_w7" custom="readingOrder {index:6;}">
                    <Coords points="1846,2618 1846,2678 2095,2678 2095,2618"/>
                    <TextEquiv>
                        <Unicode>magnifissco</Unicode>
                    </TextEquiv>
                </Word>
                <Word id="rVsdZ_1l32_w8" custom="readingOrder {index:7;}">
                    <Coords points="2135,2618 2135,2678 2149,2678 2149,2618"/>
                    <TextEquiv>
                        <Unicode>y</Unicode>
                    </TextEquiv>
                </Word>
                <TextEquiv>
                    <Unicode>Salamaca. hecho a contemplacion del muy magnifissco y</Unicode>
                </TextEquiv>
            </TextLine>
            <TextLine id="rVsdZ_1l33" custom="readingOrder {index:32;}">
                <Coords points="745,2736 2155,2747 2178,2700 745,2676"/>
                <Baseline points="754,2710 824,2710 895,2710 966,2710 1036,2712 1107,2712 1178,2714 1248,2714 1319,2716 1390,2716 1461,2718 1531,2718 1602,2718 1673,2720 1743,2720 1814,2720 1885,2720 1955,2720 2026,2720 2097,2720 2168,2718"/>
                <Word id="rVsdZ_1l33_w1" custom="readingOrder {index:0;}">
                    <Coords points="741,2670 741,2730 893,2730 893,2670"/>
                    <TextEquiv>
                        <Unicode>ylustre</Unicode>
                    </TextEquiv>
                </Word>
                <Word id="rVsdZ_1l33_w2" custom="readingOrder {index:1;}">
                    <Coords points="918,2670 918,2730 1045,2730 1045,2670"/>
                    <TextEquiv>
                        <Unicode>senor</Unicode>
                    </TextEquiv>
                </Word>
                <Word id="rVsdZ_1l33_w3" custom="readingOrder {index:2;}">
                    <Coords points="1064,2672 1064,2732 1102,2732 1102,2672"/>
                    <TextEquiv>
                        <Unicode>el</Unicode>
                    </TextEquiv>
                </Word>
                <Word id="rVsdZ_1l33_w4" custom="readingOrder {index:3;}">
                    <Coords points="1121,2674 1121,2734 1318,2734 1318,2674"/>
                    <TextEquiv>
                        <Unicode>marques</Unicode>
                    </TextEquiv>
                </Word>
                <Word id="rVsdZ_1l33_w5" custom="readingOrder {index:4;}">
                    <Coords points="1343,2676 1343,2736 1387,2736 1387,2676"/>
                    <TextEquiv>
                        <Unicode>de</Unicode>
                    </TextEquiv>
                </Word>
                <Word id="rVsdZ_1l33_w6" custom="readingOrder {index:5;}">
                    <Coords points="1413,2678 1413,2738 1591,2738 1591,2678"/>
                    <TextEquiv>
                        <Unicode>Astorga</Unicode>
                    </TextEquiv>
                </Word>
                <Word id="rVsdZ_1l33_w7" custom="readingOrder {index:6;}">
                    <Coords points="1616,2679 1616,2739 1686,2739 1686,2679"/>
                    <TextEquiv>
                        <Unicode>...</Unicode>
                    </TextEquiv>
                </Word>
                <Word id="rVsdZ_1l33_w8" custom="readingOrder {index:7;}">
                    <Coords points="1718,2680 1718,2740 1781,2740 1781,2680"/>
                    <TextEquiv>
                        <Unicode>2b,</Unicode>
                    </TextEquiv>
                </Word>
                <Word id="rVsdZ_1l33_w9" custom="readingOrder {index:8;}">
                    <Coords points="1794,2680 1794,2740 1826,2740 1826,2680"/>
                    <TextEquiv>
                        <Unicode>l.</Unicode>
                    </TextEquiv>
                </Word>
                <Word id="rVsdZ_1l33_w10" custom="readingOrder {index:9;}">
                    <Coords points="1845,2680 1845,2740 1914,2740 1914,2680"/>
                    <TextEquiv>
                        <Unicode>31.</Unicode>
                    </TextEquiv>
                </Word>
                <Word id="rVsdZ_1l33_w11" custom="readingOrder {index:10;}">
                    <Coords points="1934,2680 1934,2740 2161,2740 2161,2680"/>
                    <TextEquiv>
                        <Unicode>Comiença</Unicode>
                    </TextEquiv>
                </Word>
                <TextEquiv>
                    <Unicode>ylustre senor el marques de Astorga ... 2b, l. 31. Comiença</Unicode>
                </TextEquiv>
            </TextLine>
            <TextLine id="rVsdZ_1l34" custom="readingOrder {index:33;}">
                <Coords points="735,2799 2164,2798 2164,2747 1985,2733 735,2737"/>
                <Baseline points="744,2774 814,2774 885,2776 955,2776 1026,2777 1096,2778 1167,2778 1237,2778 1308,2778 1378,2778 1449,2780 1519,2780 1590,2780 1660,2780 1731,2780 1801,2780 1872,2781 1942,2782 2013,2782 2083,2782 2154,2784"/>
                <Word id="rVsdZ_1l34_w1" custom="readingOrder {index:0;}">
                    <Coords points="738,2734 738,2794 771,2794 771,2734"/>
                    <TextEquiv>
                        <Unicode>la</Unicode>
                    </TextEquiv>
                </Word>
                <Word id="rVsdZ_1l34_w2" custom="readingOrder {index:1;}">
                    <Coords points="798,2734 798,2794 897,2794 897,2734"/>
                    <TextEquiv>
                        <Unicode>obra</Unicode>
                    </TextEquiv>
                </Word>
                <Word id="rVsdZ_1l34_w3" custom="readingOrder {index:2;}">
                    <Coords points="924,2736 924,2796 1098,2796 1098,2736"/>
                    <TextEquiv>
                        <Unicode>trouada</Unicode>
                    </TextEquiv>
                </Word>
                <Word id="rVsdZ_1l34_w4" custom="readingOrder {index:3;}">
                    <Coords points="1172,2738 1172,2798 1278,2798 1278,2738"/>
                    <TextEquiv>
                        <Unicode>(col.</Unicode>
                    </TextEquiv>
                </Word>
                <Word id="rVsdZ_1l34_w5" custom="readingOrder {index:4;}">
                    <Coords points="1305,2738 1305,2798 1346,2798 1346,2738"/>
                    <TextEquiv>
                        <Unicode>1)</Unicode>
                    </TextEquiv>
                </Word>
                <Word id="rVsdZ_1l34_w6" custom="readingOrder {index:5;}">
                    <Coords points="1365,2738 1365,2798 1385,2798 1385,2738"/>
                    <TextEquiv>
                        <Unicode>C</Unicode>
                    </TextEquiv>
                </Word>
                <Word id="rVsdZ_1l34_w7" custom="readingOrder {index:6;}">
                    <Coords points="1425,2740 1425,2800 1512,2800 1512,2740"/>
                    <TextEquiv>
                        <Unicode>Con</Unicode>
                    </TextEquiv>
                </Word>
                <Word id="rVsdZ_1l34_w8" custom="readingOrder {index:7;}">
                    <Coords points="1545,2740 1545,2800 1692,2800 1692,2740"/>
                    <TextEquiv>
                        <Unicode>mucha</Unicode>
                    </TextEquiv>
                </Word>
                <Word id="rVsdZ_1l34_w9" custom="readingOrder {index:8;}">
                    <Coords points="1725,2740 1725,2800 1926,2800 1926,2740"/>
                    <TextEquiv>
                        <Unicode>instancia</Unicode>
                    </TextEquiv>
                </Word>
                <Word id="rVsdZ_1l34_w10" custom="readingOrder {index:9;}">
                    <Coords points="1959,2742 1959,2802 2000,2802 2000,2742"/>
                    <TextEquiv>
                        <Unicode>el</Unicode>
                    </TextEquiv>
                </Word>
                <Word id="rVsdZ_1l34_w11" custom="readingOrder {index:10;}">
                    <Coords points="2013,2742 2013,2802 2159,2802 2159,2742"/>
                    <TextEquiv>
                        <Unicode>marquas</Unicode>
                    </TextEquiv>
                </Word>
                <TextEquiv>
                    <Unicode>la obra trouada (col. 1) C Con mucha instancia el marquas</Unicode>
                </TextEquiv>
            </TextLine>
            <TextLine id="rVsdZ_1l35" custom="readingOrder {index:34;}">
                <Coords points="724,2851 2160,2856 2160,2801 2037,2792 724,2802"/>
                <Baseline points="732,2834 802,2836 873,2839 944,2840 1015,2842 1086,2842 1157,2844 1228,2844 1299,2844 1370,2844 1441,2844 1511,2844 1582,2844 1653,2843 1724,2842 1795,2842 1866,2842 1937,2842 2008,2842 2079,2844 2150,2844"/>
                <Word id="rVsdZ_1l35_w1" custom="readingOrder {index:0;}">
                    <Coords points="727,2794 727,2854 794,2854 794,2794"/>
                    <TextEquiv>
                        <Unicode>mi</Unicode>
                    </TextEquiv>
                </Word>
                <Word id="rVsdZ_1l35_w2" custom="readingOrder {index:1;}">
                    <Coords points="821,2800 821,2860 1104,2860 1104,2800"/>
                    <TextEquiv>
                        <Unicode>senor..</Unicode>
                    </TextEquiv>
                </Word>
                <Word id="rVsdZ_1l35_w3" custom="readingOrder {index:2;}">
                    <Coords points="1138,2803 1138,2863 1151,2863 1151,2803"/>
                    <TextEquiv>
                        <Unicode>.</Unicode>
                    </TextEquiv>
                </Word>
                <Word id="rVsdZ_1l35_w4" custom="readingOrder {index:3;}">
                    <Coords points="1198,2804 1198,2864 1299,2864 1299,2804"/>
                    <TextEquiv>
                        <Unicode>242,</Unicode>
                    </TextEquiv>
                </Word>
                <Word id="rVsdZ_1l35_w5" custom="readingOrder {index:4;}">
                    <Coords points="1333,2804 1333,2864 1414,2864 1414,2804"/>
                    <TextEquiv>
                        <Unicode>col.</Unicode>
                    </TextEquiv>
                </Word>
                <Word id="rVsdZ_1l35_w6" custom="readingOrder {index:5;}">
                    <Coords points="1448,2804 1448,2864 1495,2864 1495,2804"/>
                    <TextEquiv>
                        <Unicode>2,</Unicode>
                    </TextEquiv>
                </Word>
                <Word id="rVsdZ_1l35_w7" custom="readingOrder {index:6;}">
                    <Coords points="1522,2804 1522,2864 1556,2864 1556,2804"/>
                    <TextEquiv>
                        <Unicode>l.</Unicode>
                    </TextEquiv>
                </Word>
                <Word id="rVsdZ_1l35_w8" custom="readingOrder {index:7;}">
                    <Coords points="1589,2803 1589,2863 1664,2863 1664,2803"/>
                    <TextEquiv>
                        <Unicode>10.</Unicode>
                    </TextEquiv>
                </Word>
                <Word id="rVsdZ_1l35_w9" custom="readingOrder {index:8;}">
                    <Coords points="1697,2802 1697,2862 1798,2862 1798,2802"/>
                    <TextEquiv>
                        <Unicode>DEl</Unicode>
                    </TextEquiv>
                </Word>
                <Word id="rVsdZ_1l35_w10" custom="readingOrder {index:9;}">
                    <Coords points="1825,2802 1825,2862 2061,2862 2061,2802"/>
                    <TextEquiv>
                        <Unicode>licenciado</Unicode>
                    </TextEquiv>
                </Word>
                <Word id="rVsdZ_1l35_w11" custom="readingOrder {index:10;}">
                    <Coords points="2108,2804 2108,2864 2155,2864 2155,2804"/>
                    <TextEquiv>
                        <Unicode>de</Unicode>
                    </TextEquiv>
                </Word>
                <TextEquiv>
                    <Unicode>mi senor.. . 242, col. 2, l. 10. DEl licenciado de</Unicode>
                </TextEquiv>
            </TextLine>
            <TextLine id="rVsdZ_1l36" custom="readingOrder {index:35;}">
                <Coords points="721,2913 2152,2919 2152,2866 1966,2854 721,2857"/>
                <Baseline points="730,2896 800,2898 871,2898 941,2900 1012,2900 1083,2901 1153,2902 1224,2902 1294,2902 1365,2904 1436,2904 1506,2904 1577,2904 1647,2904 1718,2904 1789,2906 1859,2906 1930,2906 2000,2906 2071,2906 2142,2906"/>
                <Word id="rVsdZ_1l36_w1" custom="readingOrder {index:0;}">
                    <Coords points="724,2857 724,2917 862,2917 862,2857"/>
                    <TextEquiv>
                        <Unicode>villalo</Unicode>
                    </TextEquiv>
                </Word>
                <Word id="rVsdZ_1l36_w2" custom="readingOrder {index:1;}">
                    <Coords points="908,2860 908,2920 1013,2920 1013,2860"/>
                    <TextEquiv>
                        <Unicode>bos.</Unicode>
                    </TextEquiv>
                </Word>
                <Word id="rVsdZ_1l36_w3" custom="readingOrder {index:2;}">
                    <Coords points="1046,2861 1046,2921 1172,2921 1172,2861"/>
                    <TextEquiv>
                        <Unicode>sobre</Unicode>
                    </TextEquiv>
                </Word>
                <Word id="rVsdZ_1l36_w4" custom="readingOrder {index:3;}">
                    <Coords points="1205,2862 1205,2922 1264,2922 1264,2862"/>
                    <TextEquiv>
                        <Unicode>las</Unicode>
                    </TextEquiv>
                </Word>
                <Word id="rVsdZ_1l36_w5" custom="readingOrder {index:4;}">
                    <Coords points="1291,2864 1291,2924 1561,2924 1561,2864"/>
                    <TextEquiv>
                        <Unicode>contagiosas</Unicode>
                    </TextEquiv>
                </Word>
                <Word id="rVsdZ_1l36_w6" custom="readingOrder {index:5;}">
                    <Coords points="1594,2864 1594,2924 1613,2924 1613,2864"/>
                    <TextEquiv>
                        <Unicode>y</Unicode>
                    </TextEquiv>
                </Word>
                <Word id="rVsdZ_1l36_w7" custom="readingOrder {index:6;}">
                    <Coords points="1647,2865 1647,2925 1864,2925 1864,2865"/>
                    <TextEquiv>
                        <Unicode>maldistas</Unicode>
                    </TextEquiv>
                </Word>
                <Word id="rVsdZ_1l36_w8" custom="readingOrder {index:7;}">
                    <Coords points="1897,2866 1897,2926 2056,2926 2056,2866"/>
                    <TextEquiv>
                        <Unicode>bubas.</Unicode>
                    </TextEquiv>
                </Word>
                <Word id="rVsdZ_1l36_w9" custom="readingOrder {index:8;}">
                    <Coords points="2088,2866 2088,2926 2154,2926 2154,2866"/>
                    <TextEquiv>
                        <Unicode>es¬</Unicode>
                    </TextEquiv>
                </Word>
                <TextEquiv>
                    <Unicode>villalo bos. sobre las contagiosas y maldistas bubas. es¬</Unicode>
                </TextEquiv>
            </TextLine>
            <TextLine id="rVsdZ_1l37" custom="readingOrder {index:36;}">
                <Coords points="723,2981 2081,2989 2157,2979 2158,2930 723,2932"/>
                <Baseline points="732,2960 802,2961 873,2962 944,2963 1015,2964 1086,2964 1156,2966 1227,2966 1298,2966 1369,2968 1440,2968 1510,2968 1581,2968 1652,2968 1723,2968 1794,2968 1864,2968 1935,2968 2006,2968 2077,2968 2148,2966"/>
                <Word id="rVsdZ_1l37_w1" custom="readingOrder {index:0;}">
                    <Coords points="726,2920 726,2980 831,2980 831,2920"/>
                    <TextEquiv>
                        <Unicode>toria</Unicode>
                    </TextEquiv>
                </Word>
                <Word id="rVsdZ_1l37_w2" custom="readingOrder {index:1;}">
                    <Coords points="870,2922 870,2982 890,2982 890,2922"/>
                    <TextEquiv>
                        <Unicode>y</Unicode>
                    </TextEquiv>
                </Word>
                <Word id="rVsdZ_1l37_w3" custom="readingOrder {index:2;}">
                    <Coords points="930,2924 930,2984 1160,2984 1160,2924"/>
                    <TextEquiv>
                        <Unicode>medecina</Unicode>
                    </TextEquiv>
                </Word>
                <Word id="rVsdZ_1l37_w4" custom="readingOrder {index:3;}">
                    <Coords points="1199,2926 1199,2986 1358,2986 1358,2926"/>
                    <TextEquiv>
                        <Unicode>I...</Unicode>
                    </TextEquiv>
                </Word>
                <Word id="rVsdZ_1l37_w5" custom="readingOrder {index:4;}">
                    <Coords points="1384,2928 1384,2988 1482,2988 1482,2928"/>
                    <TextEquiv>
                        <Unicode>286,</Unicode>
                    </TextEquiv>
                </Word>
                <Word id="rVsdZ_1l37_w6" custom="readingOrder {index:5;}">
                    <Coords points="1508,2928 1508,2988 1595,2988 1595,2928"/>
                    <TextEquiv>
                        <Unicode>col.</Unicode>
                    </TextEquiv>
                </Word>
                <Word id="rVsdZ_1l37_w7" custom="readingOrder {index:6;}">
                    <Coords points="1627,2928 1627,2988 1673,2988 1673,2928"/>
                    <TextEquiv>
                        <Unicode>2,</Unicode>
                    </TextEquiv>
                </Word>
                <Word id="rVsdZ_1l37_w8" custom="readingOrder {index:7;}">
                    <Coords points="1699,2928 1699,2988 1739,2988 1739,2928"/>
                    <TextEquiv>
                        <Unicode>l.</Unicode>
                    </TextEquiv>
                </Word>
                <Word id="rVsdZ_1l37_w9" custom="readingOrder {index:8;}">
                    <Coords points="1772,2928 1772,2988 1838,2988 1838,2928"/>
                    <TextEquiv>
                        <Unicode>14,</Unicode>
                    </TextEquiv>
                </Word>
                <Word id="rVsdZ_1l37_w10" custom="readingOrder {index:9;}">
                    <Coords points="1871,2928 1871,2988 2160,2988 2160,2928"/>
                    <TextEquiv>
                        <Unicode>COLOPHON:</Unicode>
                    </TextEquiv>
                </Word>
                <TextEquiv>
                    <Unicode>toria y medecina I... 286, col. 2, l. 14, COLOPHON:</Unicode>
                </TextEquiv>
            </TextLine>
            <TextLine id="rVsdZ_1l38" custom="readingOrder {index:37;}">
                <Coords points="730,3044 1994,3061 2141,3047 2158,2993 731,2983"/>
                <Baseline points="740,3020 810,3020 880,3022 951,3022 1021,3024 1092,3024 1162,3026 1232,3026 1303,3026 1373,3026 1444,3028 1514,3028 1584,3028 1655,3028 1725,3028 1796,3030 1866,3030 1936,3030 2007,3030 2077,3030 2148,3030"/>
                <Word id="rVsdZ_1l38_w1" custom="readingOrder {index:0;}">
                    <Coords points="739,2980 739,3040 919,3040 919,2980"/>
                    <TextEquiv>
                        <Unicode>Fenesce</Unicode>
                    </TextEquiv>
                </Word>
                <Word id="rVsdZ_1l38_w2" custom="readingOrder {index:1;}">
                    <Coords points="945,2982 945,3042 989,3042 989,2982"/>
                    <TextEquiv>
                        <Unicode>el</Unicode>
                    </TextEquiv>
                </Word>
                <Word id="rVsdZ_1l38_w3" custom="readingOrder {index:2;}">
                    <Coords points="1009,2984 1009,3044 1202,3044 1202,2984"/>
                    <TextEquiv>
                        <Unicode>Sumario</Unicode>
                    </TextEquiv>
                </Word>
                <Word id="rVsdZ_1l38_w4" custom="readingOrder {index:3;}">
                    <Coords points="1234,2986 1234,3046 1318,3046 1318,2986"/>
                    <TextEquiv>
                        <Unicode>dela</Unicode>
                    </TextEquiv>
                </Word>
                <Word id="rVsdZ_1l38_w5" custom="readingOrder {index:4;}">
                    <Coords points="1350,2988 1350,3048 1562,3048 1562,2988"/>
                    <TextEquiv>
                        <Unicode>medecina</Unicode>
                    </TextEquiv>
                </Word>
                <Word id="rVsdZ_1l38_w6" custom="readingOrder {index:5;}">
                    <Coords points="1588,2988 1588,3048 1723,3048 1723,2988"/>
                    <TextEquiv>
                        <Unicode>hecho</Unicode>
                    </TextEquiv>
                </Word>
                <Word id="rVsdZ_1l38_w7" custom="readingOrder {index:6;}">
                    <Coords points="1793,2990 1793,3050 1865,3050 1865,2990"/>
                    <TextEquiv>
                        <Unicode>por</Unicode>
                    </TextEquiv>
                </Word>
                <Word id="rVsdZ_1l38_w8" custom="readingOrder {index:7;}">
                    <Coords points="1890,2990 1890,3050 1929,3050 1929,2990"/>
                    <TextEquiv>
                        <Unicode>el</Unicode>
                    </TextEquiv>
                </Word>
                <Word id="rVsdZ_1l38_w9" custom="readingOrder {index:8;}">
                    <Coords points="1948,2990 1948,3050 2147,3050 2147,2990"/>
                    <TextEquiv>
                        <Unicode>licenciado</Unicode>
                    </TextEquiv>
                </Word>
                <TextEquiv>
                    <Unicode>Fenesce el Sumario dela medecina hecho por el licenciado</Unicode>
                </TextEquiv>
            </TextLine>
            <TextLine id="rVsdZ_1l39" custom="readingOrder {index:38;}">
                <Coords points="728,3104 2164,3120 2165,3049 729,3040"/>
                <Baseline points="738,3088 808,3086 879,3086 950,3086 1021,3086 1092,3086 1163,3086 1234,3086 1305,3088 1376,3088 1447,3088 1517,3089 1588,3090 1659,3090 1730,3090 1801,3091 1872,3092 1943,3092 2014,3092 2085,3090 2156,3090"/>
                <Word id="rVsdZ_1l39_w1" custom="readingOrder {index:0;}">
                    <Coords points="730,3046 730,3106 905,3106 905,3046"/>
                    <TextEquiv>
                        <Unicode>francisco</Unicode>
                    </TextEquiv>
                </Word>
                <Word id="rVsdZ_1l39_w2" custom="readingOrder {index:1;}">
                    <Coords points="943,3046 943,3106 1060,3106 1060,3046"/>
                    <TextEquiv>
                        <Unicode>lopez</Unicode>
                    </TextEquiv>
                </Word>
                <Word id="rVsdZ_1l39_w3" custom="readingOrder {index:2;}">
                    <Coords points="1093,3046 1093,3106 1112,3106 1112,3046"/>
                    <TextEquiv>
                        <Unicode>8</Unicode>
                    </TextEquiv>
                </Word>
                <Word id="rVsdZ_1l39_w4" custom="readingOrder {index:3;}">
                    <Coords points="1144,3046 1144,3106 1371,3106 1371,3046"/>
                    <TextEquiv>
                        <Unicode>villalobos</Unicode>
                    </TextEquiv>
                </Word>
                <Word id="rVsdZ_1l39_w5" custom="readingOrder {index:4;}">
                    <Coords points="1403,3049 1403,3109 1637,3109 1637,3049"/>
                    <TextEquiv>
                        <Unicode>emenssdado</Unicode>
                    </TextEquiv>
                </Word>
                <Word id="rVsdZ_1l39_w6" custom="readingOrder {index:5;}">
                    <Coords points="1682,3050 1682,3110 1702,3110 1702,3050"/>
                    <TextEquiv>
                        <Unicode>y</Unicode>
                    </TextEquiv>
                </Word>
                <Word id="rVsdZ_1l39_w7" custom="readingOrder {index:6;}">
                    <Coords points="1734,3051 1734,3111 1973,3111 1973,3051"/>
                    <TextEquiv>
                        <Unicode>corrregido</Unicode>
                    </TextEquiv>
                </Word>
                <Word id="rVsdZ_1l39_w8" custom="readingOrder {index:7;}">
                    <Coords points="2019,3050 2019,3110 2097,3110 2097,3050"/>
                    <TextEquiv>
                        <Unicode>por</Unicode>
                    </TextEquiv>
                </Word>
                <Word id="rVsdZ_1l39_w9" custom="readingOrder {index:8;}">
                    <Coords points="2129,3050 2129,3110 2167,3110 2167,3050"/>
                    <TextEquiv>
                        <Unicode>el</Unicode>
                    </TextEquiv>
                </Word>
                <TextEquiv>
                    <Unicode>francisco lopez 8 villalobos emenssdado y corrregido por el</Unicode>
                </TextEquiv>
            </TextLine>
            <TextLine id="rVsdZ_1l40" custom="readingOrder {index:39;}">
                <Coords points="734,3162 2037,3187 2161,3169 2162,3124 734,3115"/>
                <Baseline points="744,3150 814,3150 884,3150 955,3148 1025,3148 1096,3148 1166,3149 1236,3150 1307,3150 1377,3150 1448,3150 1518,3150 1588,3150 1659,3152 1729,3152 1800,3152 1870,3152 1940,3152 2011,3152 2081,3154 2152,3154"/>
                <Word id="rVsdZ_1l40_w1" custom="readingOrder {index:0;}">
                    <Coords points="736,3110 736,3170 888,3170 888,3110"/>
                    <TextEquiv>
                        <Unicode>mismo</Unicode>
                    </TextEquiv>
                </Word>
                <Word id="rVsdZ_1l40_w2" custom="readingOrder {index:1;}">
                    <Coords points="919,3108 919,3168 1172,3168 1172,3108"/>
                    <TextEquiv>
                        <Unicode>Imprimido</Unicode>
                    </TextEquiv>
                </Word>
                <Word id="rVsdZ_1l40_w3" custom="readingOrder {index:2;}">
                    <Coords points="1204,3110 1204,3170 1317,3170 1317,3110"/>
                    <TextEquiv>
                        <Unicode>enssla</Unicode>
                    </TextEquiv>
                </Word>
                <Word id="rVsdZ_1l40_w4" custom="readingOrder {index:3;}">
                    <Coords points="1343,3110 1343,3170 1494,3170 1494,3110"/>
                    <TextEquiv>
                        <Unicode>cibdad</Unicode>
                    </TextEquiv>
                </Word>
                <Word id="rVsdZ_1l40_w5" custom="readingOrder {index:4;}">
                    <Coords points="1526,3110 1526,3170 1570,3170 1570,3110"/>
                    <TextEquiv>
                        <Unicode>de</Unicode>
                    </TextEquiv>
                </Word>
                <Word id="rVsdZ_1l40_w6" custom="readingOrder {index:5;}">
                    <Coords points="1602,3112 1602,3172 1817,3172 1817,3112"/>
                    <TextEquiv>
                        <Unicode>Salamanca</Unicode>
                    </TextEquiv>
                </Word>
                <Word id="rVsdZ_1l40_w7" custom="readingOrder {index:6;}">
                    <Coords points="1849,3112 1849,3172 1861,3172 1861,3112"/>
                    <TextEquiv>
                        <Unicode>a</Unicode>
                    </TextEquiv>
                </Word>
                <Word id="rVsdZ_1l40_w8" custom="readingOrder {index:7;}">
                    <Coords points="1893,3112 1893,3172 1956,3172 1956,3112"/>
                    <TextEquiv>
                        <Unicode>sus</Unicode>
                    </TextEquiv>
                </Word>
                <Word id="rVsdZ_1l40_w9" custom="readingOrder {index:8;}">
                    <Coords points="1981,3113 1981,3173 2158,3173 2158,3113"/>
                    <TextEquiv>
                        <Unicode>expensas</Unicode>
                    </TextEquiv>
                </Word>
                <TextEquiv>
                    <Unicode>mismo Imprimido enssla cibdad de Salamanca a sus expensas</Unicode>
                </TextEquiv>
            </TextLine>
            <TextLine id="rVsdZ_1l41" custom="readingOrder {index:40;}">
                <Coords points="714,3223 2157,3232 2126,3168 714,3183"/>
                <Baseline points="722,3212 793,3210 864,3210 935,3210 1007,3212 1078,3212 1149,3212 1221,3212 1292,3212 1363,3212 1435,3214 1506,3214 1577,3214 1648,3214 1720,3214 1791,3216 1862,3216 1934,3216 2005,3216 2076,3216 2148,3216"/>
                <Word id="rVsdZ_1l41_w1" custom="readingOrder {index:0;}">
                    <Coords points="723,3171 723,3231 767,3231 767,3171"/>
                    <TextEquiv>
                        <Unicode>de</Unicode>
                    </TextEquiv>
                </Word>
                <Word id="rVsdZ_1l41_w2" custom="readingOrder {index:1;}">
                    <Coords points="792,3170 792,3230 1003,3230 1003,3170"/>
                    <TextEquiv>
                        <Unicode>Anstonio</Unicode>
                    </TextEquiv>
                </Word>
                <Word id="rVsdZ_1l41_w3" custom="readingOrder {index:2;}">
                    <Coords points="1042,3172 1042,3232 1086,3232 1086,3172"/>
                    <TextEquiv>
                        <Unicode>de</Unicode>
                    </TextEquiv>
                </Word>
                <Word id="rVsdZ_1l41_w4" custom="readingOrder {index:3;}">
                    <Coords points="1118,3172 1118,3232 1297,3232 1297,3172"/>
                    <TextEquiv>
                        <Unicode>barreda</Unicode>
                    </TextEquiv>
                </Word>
                <Word id="rVsdZ_1l41_w5" custom="readingOrder {index:4;}">
                    <Coords points="1322,3173 1322,3233 1508,3233 1508,3173"/>
                    <TextEquiv>
                        <Unicode>librero.</Unicode>
                    </TextEquiv>
                </Word>
                <Word id="rVsdZ_1l41_w6" custom="readingOrder {index:5;}">
                    <Coords points="1540,3174 1540,3234 1636,3234 1636,3174"/>
                    <TextEquiv>
                        <Unicode>Ano</Unicode>
                    </TextEquiv>
                </Word>
                <Word id="rVsdZ_1l41_w7" custom="readingOrder {index:6;}">
                    <Coords points="1668,3174 1668,3234 1738,3234 1738,3174"/>
                    <TextEquiv>
                        <Unicode>del</Unicode>
                    </TextEquiv>
                </Word>
                <Word id="rVsdZ_1l41_w8" custom="readingOrder {index:7;}">
                    <Coords points="1758,3176 1758,3236 2038,3236 2038,3176"/>
                    <TextEquiv>
                        <Unicode>nascimiento</Unicode>
                    </TextEquiv>
                </Word>
                <TextEquiv>
                    <Unicode>de Anstonio de barreda librero. Ano del nascimiento</Unicode>
                </TextEquiv>
            </TextLine>
            <TextLine id="rVsdZ_1l42" custom="readingOrder {index:41;}">
                <Coords points="712,3276 2141,3290 2055,3230 713,3243"/>
                <Baseline points="722,3274 792,3274 863,3274 933,3274 1004,3274 1074,3276 1145,3276 1215,3276 1286,3276 1356,3278 1427,3278 1497,3278 1568,3278 1638,3278 1709,3280 1779,3280 1850,3280 1920,3280 1991,3280 2061,3279 2132,3278"/>
                <Word id="rVsdZ_1l42_w1" custom="readingOrder {index:0;}">
                    <Coords points="714,3234 714,3294 893,3294 893,3234"/>
                    <TextEquiv>
                        <Unicode>nuestro</Unicode>
                    </TextEquiv>
                </Word>
                <Word id="rVsdZ_1l42_w2" custom="readingOrder {index:1;}">
                    <Coords points="925,3234 925,3294 1129,3294 1129,3234"/>
                    <TextEquiv>
                        <Unicode>saluador</Unicode>
                    </TextEquiv>
                </Word>
                <Word id="rVsdZ_1l42_w3" custom="readingOrder {index:2;}">
                    <Coords points="1155,3236 1155,3296 1199,3296 1199,3236"/>
                    <TextEquiv>
                        <Unicode>de</Unicode>
                    </TextEquiv>
                </Word>
                <Word id="rVsdZ_1l42_w4" custom="readingOrder {index:3;}">
                    <Coords points="1231,3236 1231,3296 1346,3296 1346,3236"/>
                    <TextEquiv>
                        <Unicode>mill.</Unicode>
                    </TextEquiv>
                </Word>
                <Word id="rVsdZ_1l42_w5" custom="readingOrder {index:4;}">
                    <Coords points="1365,3238 1365,3298 1487,3298 1487,3238"/>
                    <TextEquiv>
                        <Unicode>cccc.</Unicode>
                    </TextEquiv>
                </Word>
                <Word id="rVsdZ_1l42_w6" custom="readingOrder {index:5;}">
                    <Coords points="1506,3238 1506,3298 1577,3298 1577,3238"/>
                    <TextEquiv>
                        <Unicode>xc.</Unicode>
                    </TextEquiv>
                </Word>
                <Word id="rVsdZ_1l42_w7" custom="readingOrder {index:6;}">
                    <Coords points="1602,3238 1602,3298 1640,3298 1640,3238"/>
                    <TextEquiv>
                        <Unicode>z.</Unicode>
                    </TextEquiv>
                </Word>
                <Word id="rVsdZ_1l42_w8" custom="readingOrder {index:7;}">
                    <Coords points="1659,3239 1659,3299 1755,3299 1755,3239"/>
                    <TextEquiv>
                        <Unicode>viij.</Unicode>
                    </TextEquiv>
                </Word>
                <Word id="rVsdZ_1l42_w9" custom="readingOrder {index:8;}">
                    <Coords points="1831,3240 1831,3300 1921,3300 1921,3240"/>
                    <TextEquiv>
                        <Unicode>Deo</Unicode>
                    </TextEquiv>
                </Word>
                <Word id="rVsdZ_1l42_w10" custom="readingOrder {index:9;}">
                    <Coords points="1953,3239 1953,3299 2138,3299 2138,3239"/>
                    <TextEquiv>
                        <Unicode>gracias.</Unicode>
                    </TextEquiv>
                </Word>
                <TextEquiv>
                    <Unicode>nuestro saluador de mill. cccc. xc. z. viij. Deo gracias.</Unicode>
                </TextEquiv>
            </TextLine>
            <TextLine id="rVsdZ_1l43" custom="readingOrder {index:42;}">
                <Coords points="764,3368 2160,3379 2135,3327 764,3325"/>
                <Baseline points="772,3362 841,3362 910,3362 979,3362 1048,3362 1117,3362 1186,3362 1255,3362 1324,3362 1393,3364 1462,3364 1531,3364 1600,3364 1669,3364 1738,3364 1807,3366 1876,3366 1945,3366 2014,3368 2083,3369 2152,3370"/>
                <Word id="rVsdZ_1l43_w1" custom="readingOrder {index:0;}">
                    <Coords points="771,3322 771,3382 897,3382 897,3322"/>
                    <TextEquiv>
                        <Unicode>Folio.</Unicode>
                    </TextEquiv>
                </Word>
                <Word id="rVsdZ_1l43_w2" custom="readingOrder {index:1;}">
                    <Coords points="937,3322 937,3382 972,3382 972,3322"/>
                    <TextEquiv>
                        <Unicode>a°</Unicode>
                    </TextEquiv>
                </Word>
                <Word id="rVsdZ_1l43_w3" custom="readingOrder {index:2;}">
                    <Coords points="1000,3322 1000,3382 1018,3382 1018,3322"/>
                    <TextEquiv>
                        <Unicode>b</Unicode>
                    </TextEquiv>
                </Word>
                <Word id="rVsdZ_1l43_w4" custom="readingOrder {index:3;}">
                    <Coords points="1053,3322 1053,3382 1093,3382 1093,3322"/>
                    <TextEquiv>
                        <Unicode>c6</Unicode>
                    </TextEquiv>
                </Word>
                <Word id="rVsdZ_1l43_w5" custom="readingOrder {index:4;}">
                    <Coords points="1116,3322 1116,3382 1162,3382 1162,3322"/>
                    <TextEquiv>
                        <Unicode>d8</Unicode>
                    </TextEquiv>
                </Word>
                <Word id="rVsdZ_1l43_w6" custom="readingOrder {index:5;}">
                    <Coords points="1219,3322 1219,3382 1259,3382 1259,3322"/>
                    <TextEquiv>
                        <Unicode>28</Unicode>
                    </TextEquiv>
                </Word>
                <Word id="rVsdZ_1l43_w7" custom="readingOrder {index:6;}">
                    <Coords points="1294,3323 1294,3383 1438,3383 1438,3323"/>
                    <TextEquiv>
                        <Unicode>leaves.</Unicode>
                    </TextEquiv>
                </Word>
                <Word id="rVsdZ_1l43_w8" custom="readingOrder {index:7;}">
                    <Coords points="1478,3324 1478,3384 1559,3384 1559,3324"/>
                    <TextEquiv>
                        <Unicode>The</Unicode>
                    </TextEquiv>
                </Word>
                <Word id="rVsdZ_1l43_w9" custom="readingOrder {index:8;}">
                    <Coords points="1594,3324 1594,3384 1697,3384 1697,3324"/>
                    <TextEquiv>
                        <Unicode>verse</Unicode>
                    </TextEquiv>
                </Word>
                <Word id="rVsdZ_1l43_w10" custom="readingOrder {index:9;}">
                    <Coords points="1732,3324 1732,3384 1812,3384 1812,3324"/>
                    <TextEquiv>
                        <Unicode>text</Unicode>
                    </TextEquiv>
                </Word>
                <Word id="rVsdZ_1l43_w11" custom="readingOrder {index:10;}">
                    <Coords points="1841,3326 1841,3386 1870,3386 1870,3326"/>
                    <TextEquiv>
                        <Unicode>in</Unicode>
                    </TextEquiv>
                </Word>
                <Word id="rVsdZ_1l43_w12" custom="readingOrder {index:11;}">
                    <Coords points="1904,3326 1904,3386 1922,3386 1922,3326"/>
                    <TextEquiv>
                        <Unicode>2</Unicode>
                    </TextEquiv>
                </Word>
                <Word id="rVsdZ_1l43_w13" custom="readingOrder {index:12;}">
                    <Coords points="1956,3328 1956,3388 2163,3388 2163,3328"/>
                    <TextEquiv>
                        <Unicode>columns.</Unicode>
                    </TextEquiv>
                </Word>
                <TextEquiv>
                    <Unicode>Folio. a° b c6 d8 28 leaves. The verse text in 2 columns.</Unicode>
                </TextEquiv>
            </TextLine>
            <TextLine id="rVsdZ_1l44" custom="readingOrder {index:43;}">
                <Coords points="734,3437 2147,3431 2147,3380 734,3392"/>
                <Baseline points="744,3414 813,3414 883,3414 953,3414 1022,3416 1092,3416 1162,3416 1231,3416 1301,3416 1371,3416 1441,3416 1510,3416 1580,3416 1650,3416 1719,3416 1789,3418 1859,3418 1928,3418 1998,3418 2068,3418 2138,3420"/>
                <Word id="rVsdZ_1l44_w1" custom="readingOrder {index:0;}">
                    <Coords points="735,3374 735,3434 797,3434 797,3374"/>
                    <TextEquiv>
                        <Unicode>32:</Unicode>
                    </TextEquiv>
                </Word>
                <Word id="rVsdZ_1l44_w2" custom="readingOrder {index:1;}">
                    <Coords points="814,3374 814,3434 854,3434 854,3374"/>
                    <TextEquiv>
                        <Unicode>48</Unicode>
                    </TextEquiv>
                </Word>
                <Word id="rVsdZ_1l44_w3" custom="readingOrder {index:2;}">
                    <Coords points="877,3374 877,3434 990,3434 990,3374"/>
                    <TextEquiv>
                        <Unicode>lines,</Unicode>
                    </TextEquiv>
                </Word>
                <Word id="rVsdZ_1l44_w4" custom="readingOrder {index:3;}">
                    <Coords points="1007,3376 1007,3436 1070,3436 1070,3376"/>
                    <TextEquiv>
                        <Unicode>218</Unicode>
                    </TextEquiv>
                </Word>
                <Word id="rVsdZ_1l44_w5" custom="readingOrder {index:4;}">
                    <Coords points="1093,3376 1093,3436 1110,3436 1110,3376"/>
                    <TextEquiv>
                        <Unicode>X</Unicode>
                    </TextEquiv>
                </Word>
                <Word id="rVsdZ_1l44_w6" custom="readingOrder {index:5;}">
                    <Coords points="1138,3376 1138,3436 1201,3436 1201,3376"/>
                    <TextEquiv>
                        <Unicode>154</Unicode>
                    </TextEquiv>
                </Word>
                <Word id="rVsdZ_1l44_w7" custom="readingOrder {index:6;}">
                    <Coords points="1229,3376 1229,3436 1326,3436 1326,3376"/>
                    <TextEquiv>
                        <Unicode>mm.</Unicode>
                    </TextEquiv>
                </Word>
                <Word id="rVsdZ_1l44_w8" custom="readingOrder {index:7;}">
                    <Coords points="1354,3376 1354,3436 1514,3436 1514,3376"/>
                    <TextEquiv>
                        <Unicode>Types:</Unicode>
                    </TextEquiv>
                </Word>
                <Word id="rVsdZ_1l44_w9" custom="readingOrder {index:8;}">
                    <Coords points="1531,3376 1531,3436 1593,3436 1593,3376"/>
                    <TextEquiv>
                        <Unicode>120</Unicode>
                    </TextEquiv>
                </Word>
                <Word id="rVsdZ_1l44_w10" custom="readingOrder {index:9;}">
                    <Coords points="1622,3376 1622,3436 1690,3436 1690,3376"/>
                    <TextEquiv>
                        <Unicode>G.,</Unicode>
                    </TextEquiv>
                </Word>
                <Word id="rVsdZ_1l44_w11" custom="readingOrder {index:10;}">
                    <Coords points="1707,3377 1707,3437 1803,3437 1803,3377"/>
                    <TextEquiv>
                        <Unicode>title,</Unicode>
                    </TextEquiv>
                </Word>
                <Word id="rVsdZ_1l44_w12" custom="readingOrder {index:11;}">
                    <Coords points="1815,3378 1815,3438 2025,3438 2025,3378"/>
                    <TextEquiv>
                        <Unicode>headings;</Unicode>
                    </TextEquiv>
                </Word>
                <Word id="rVsdZ_1l44_w13" custom="readingOrder {index:12;}">
                    <Coords points="2042,3378 2042,3438 2088,3438 2088,3378"/>
                    <TextEquiv>
                        <Unicode>91</Unicode>
                    </TextEquiv>
                </Word>
                <Word id="rVsdZ_1l44_w14" custom="readingOrder {index:13;}">
                    <Coords points="2111,3379 2111,3439 2122,3439 2122,3379"/>
                    <TextEquiv>
                        <Unicode>G</Unicode>
                    </TextEquiv>
                </Word>
                <TextEquiv>
                    <Unicode>32: 48 lines, 218 X 154 mm. Types: 120 G., title, headings; 91 G</Unicode>
                </TextEquiv>
            </TextLine>
            <TextLine id="rVsdZ_1l45" custom="readingOrder {index:44;}">
                <Coords points="720,3481 2144,3483 2144,3427 720,3436"/>
                <Baseline points="730,3468 800,3468 870,3468 940,3468 1010,3466 1081,3468 1151,3468 1221,3468 1291,3468 1361,3468 1432,3468 1502,3470 1572,3470 1642,3470 1712,3470 1783,3472 1853,3472 1923,3472 1993,3472 2063,3472 2134,3472"/>
                <Word id="rVsdZ_1l45_w1" custom="readingOrder {index:0;}">
                    <Coords points="727,3428 727,3488 919,3488 919,3428"/>
                    <TextEquiv>
                        <Unicode>Capitals.</Unicode>
                    </TextEquiv>
                </Word>
                <Word id="rVsdZ_1l45_w2" custom="readingOrder {index:1;}">
                    <Coords points="955,3427 955,3487 1136,3487 1136,3427"/>
                    <TextEquiv>
                        <Unicode>Haebler</Unicode>
                    </TextEquiv>
                </Word>
                <Word id="rVsdZ_1l45_w3" custom="readingOrder {index:2;}">
                    <Coords points="1165,3428 1165,3488 1259,3488 1259,3428"/>
                    <TextEquiv>
                        <Unicode>687.</Unicode>
                    </TextEquiv>
                </Word>
                <Word id="rVsdZ_1l45_w4" custom="readingOrder {index:3;}">
                    <Coords points="1299,3428 1299,3488 1463,3488 1463,3428"/>
                    <TextEquiv>
                        <Unicode>Vindel,</Unicode>
                    </TextEquiv>
                </Word>
                <Word id="rVsdZ_1l45_w5" custom="readingOrder {index:4;}">
                    <Coords points="1487,3430 1487,3490 1569,3490 1569,3430"/>
                    <TextEquiv>
                        <Unicode>vol.</Unicode>
                    </TextEquiv>
                </Word>
                <Word id="rVsdZ_1l45_w6" custom="readingOrder {index:5;}">
                    <Coords points="1598,3430 1598,3490 1633,3490 1633,3430"/>
                    <TextEquiv>
                        <Unicode>2,</Unicode>
                    </TextEquiv>
                </Word>
                <Word id="rVsdZ_1l45_w7" custom="readingOrder {index:6;}">
                    <Coords points="1662,3430 1662,3490 1703,3490 1703,3430"/>
                    <TextEquiv>
                        <Unicode>p.</Unicode>
                    </TextEquiv>
                </Word>
                <Word id="rVsdZ_1l45_w8" custom="readingOrder {index:7;}">
                    <Coords points="1732,3431 1732,3491 1826,3491 1826,3431"/>
                    <TextEquiv>
                        <Unicode>146,</Unicode>
                    </TextEquiv>
                </Word>
                <Word id="rVsdZ_1l45_w9" custom="readingOrder {index:8;}">
                    <Coords points="1849,3432 1849,3492 1920,3492 1920,3432"/>
                    <TextEquiv>
                        <Unicode>no.</Unicode>
                    </TextEquiv>
                </Word>
                <Word id="rVsdZ_1l45_w10" custom="readingOrder {index:9;}">
                    <Coords points="1943,3432 1943,3492 2013,3492 2013,3432"/>
                    <TextEquiv>
                        <Unicode>94.</Unicode>
                    </TextEquiv>
                </Word>
                <Word id="rVsdZ_1l45_w11" custom="readingOrder {index:10;}">
                    <Coords points="2054,3432 2054,3492 2147,3492 2147,3432"/>
                    <TextEquiv>
                        <Unicode>Hair</Unicode>
                    </TextEquiv>
                </Word>
                <TextEquiv>
                    <Unicode>Capitals. Haebler 687. Vindel, vol. 2, p. 146, no. 94. Hair</Unicode>
                </TextEquiv>
            </TextLine>
            <TextLine id="rVsdZ_1l46" custom="readingOrder {index:45;}">
                <Coords points="732,3539 746,3542 764,3529 780,3535 788,3528 815,3533 822,3527 849,3532 858,3541 896,3537 897,3497 885,3497 860,3481 849,3481 829,3495 805,3494 795,3485 773,3494 758,3480 733,3487"/>
                <Baseline points="742,3516 771,3518 800,3518 829,3518 858,3519 888,3522"/>
                <Word id="rVsdZ_1l46_w1" custom="readingOrder {index:0;}">
                    <Coords points="738,3478 738,3538 895,3538 895,3478"/>
                    <TextEquiv>
                        <Unicode>10208.</Unicode>
                    </TextEquiv>
                </Word>
                <TextEquiv>
                    <Unicode>10208.</Unicode>
                </TextEquiv>
            </TextLine>
            <TextLine id="rVsdZ_1l47" custom="readingOrder {index:46;}">
                <Coords points="782,3596 2162,3600 2120,3537 782,3529"/>
                <Baseline points="790,3580 858,3579 926,3578 994,3578 1062,3578 1130,3578 1198,3578 1266,3578 1334,3578 1402,3579 1471,3580 1539,3580 1607,3580 1675,3580 1743,3580 1811,3582 1879,3582 1947,3582 2015,3584 2083,3584 2152,3584"/>
                <Word id="rVsdZ_1l47_w1" custom="readingOrder {index:0;}">
                    <Coords points="788,3539 788,3599 866,3599 866,3539"/>
                    <TextEquiv>
                        <Unicode>The</Unicode>
                    </TextEquiv>
                </Word>
                <Word id="rVsdZ_1l47_w2" custom="readingOrder {index:1;}">
                    <Coords points="889,3538 889,3598 966,3598 966,3538"/>
                    <TextEquiv>
                        <Unicode>title</Unicode>
                    </TextEquiv>
                </Word>
                <Word id="rVsdZ_1l47_w3" custom="readingOrder {index:2;}">
                    <Coords points="989,3538 989,3598 1028,3598 1028,3538"/>
                    <TextEquiv>
                        <Unicode>of</Unicode>
                    </TextEquiv>
                </Word>
                <Word id="rVsdZ_1l47_w4" custom="readingOrder {index:3;}">
                    <Coords points="1044,3538 1044,3598 1100,3598 1100,3538"/>
                    <TextEquiv>
                        <Unicode>the</Unicode>
                    </TextEquiv>
                </Word>
                <Word id="rVsdZ_1l47_w5" custom="readingOrder {index:4;}">
                    <Coords points="1128,3538 1128,3598 1217,3598 1217,3538"/>
                    <TextEquiv>
                        <Unicode>copy</Unicode>
                    </TextEquiv>
                </Word>
                <Word id="rVsdZ_1l47_w6" custom="readingOrder {index:5;}">
                    <Coords points="1245,3538 1245,3598 1267,3598 1267,3538"/>
                    <TextEquiv>
                        <Unicode>in</Unicode>
                    </TextEquiv>
                </Word>
                <Word id="rVsdZ_1l47_w7" custom="readingOrder {index:6;}">
                    <Coords points="1296,3538 1296,3598 1357,3598 1357,3538"/>
                    <TextEquiv>
                        <Unicode>the</Unicode>
                    </TextEquiv>
                </Word>
                <Word id="rVsdZ_1l47_w8" custom="readingOrder {index:7;}">
                    <Coords points="1379,3540 1379,3600 1591,3600 1591,3540"/>
                    <TextEquiv>
                        <Unicode>Biblioteca</Unicode>
                    </TextEquiv>
                </Word>
                <Word id="rVsdZ_1l47_w9" custom="readingOrder {index:8;}">
                    <Coords points="1613,3540 1613,3600 1820,3600 1820,3540"/>
                    <TextEquiv>
                        <Unicode>Nacional,</Unicode>
                    </TextEquiv>
                </Word>
                <Word id="rVsdZ_1l47_w10" custom="readingOrder {index:9;}">
                    <Coords points="1836,3542 1836,3602 2015,3602 2015,3542"/>
                    <TextEquiv>
                        <Unicode>Madrid,</Unicode>
                    </TextEquiv>
                </Word>
                <Word id="rVsdZ_1l47_w11" custom="readingOrder {index:10;}">
                    <Coords points="2032,3544 2032,3604 2165,3604 2165,3544"/>
                    <TextEquiv>
                        <Unicode>reads:</Unicode>
                    </TextEquiv>
                </Word>
                <TextEquiv>
                    <Unicode>The title of the copy in the Biblioteca Nacional, Madrid, reads:</Unicode>
                </TextEquiv>
            </TextLine>
            <TextLine id="rVsdZ_1l48" custom="readingOrder {index:47;}">
                <Coords points="714,3636 2150,3653 2119,3595 714,3584"/>
                <Baseline points="722,3630 792,3630 863,3630 934,3632 1005,3632 1076,3632 1147,3632 1218,3632 1289,3632 1360,3632 1431,3632 1501,3632 1572,3632 1643,3632 1714,3634 1785,3634 1856,3634 1927,3636 1998,3638 2069,3640 2140,3642"/>
                <Word id="rVsdZ_1l48_w1" custom="readingOrder {index:0;}">
                    <Coords points="715,3590 715,3650 762,3650 762,3590"/>
                    <TextEquiv>
                        <Unicode>El</Unicode>
                    </TextEquiv>
                </Word>
                <Word id="rVsdZ_1l48_w2" custom="readingOrder {index:1;}">
                    <Coords points="779,3590 779,3650 944,3650 944,3590"/>
                    <TextEquiv>
                        <Unicode>sumario</Unicode>
                    </TextEquiv>
                </Word>
                <Word id="rVsdZ_1l48_w3" custom="readingOrder {index:2;}">
                    <Coords points="973,3592 973,3652 1056,3652 1056,3592"/>
                    <TextEquiv>
                        <Unicode>dela</Unicode>
                    </TextEquiv>
                </Word>
                <Word id="rVsdZ_1l48_w4" custom="readingOrder {index:3;}">
                    <Coords points="1079,3592 1079,3652 1302,3652 1302,3592"/>
                    <TextEquiv>
                        <Unicode>medecina.</Unicode>
                    </TextEquiv>
                </Word>
                <Word id="rVsdZ_1l48_w5" custom="readingOrder {index:4;}">
                    <Coords points="1331,3592 1331,3652 1419,3652 1419,3592"/>
                    <TextEquiv>
                        <Unicode>(See</Unicode>
                    </TextEquiv>
                </Word>
                <Word id="rVsdZ_1l48_w6" custom="readingOrder {index:5;}">
                    <Coords points="1443,3592 1443,3652 1648,3652 1648,3592"/>
                    <TextEquiv>
                        <Unicode>facsimile,</Unicode>
                    </TextEquiv>
                </Word>
                <Word id="rVsdZ_1l48_w7" custom="readingOrder {index:6;}">
                    <Coords points="1671,3594 1671,3654 1830,3654 1830,3594"/>
                    <TextEquiv>
                        <Unicode>Vindel,</Unicode>
                    </TextEquiv>
                </Word>
                <Word id="rVsdZ_1l48_w8" custom="readingOrder {index:7;}">
                    <Coords points="1848,3594 1848,3654 1924,3654 1924,3594"/>
                    <TextEquiv>
                        <Unicode>vol.</Unicode>
                    </TextEquiv>
                </Word>
                <Word id="rVsdZ_1l48_w9" custom="readingOrder {index:8;}">
                    <Coords points="1942,3596 1942,3656 1977,3656 1977,3596"/>
                    <TextEquiv>
                        <Unicode>2,</Unicode>
                    </TextEquiv>
                </Word>
                <Word id="rVsdZ_1l48_w10" custom="readingOrder {index:9;}">
                    <Coords points="1994,3598 1994,3658 2036,3658 2036,3598"/>
                    <TextEquiv>
                        <Unicode>p.</Unicode>
                    </TextEquiv>
                </Word>
                <Word id="rVsdZ_1l48_w11" custom="readingOrder {index:10;}">
                    <Coords points="2054,3600 2054,3660 2141,3660 2141,3600"/>
                    <TextEquiv>
                        <Unicode>146.</Unicode>
                    </TextEquiv>
                </Word>
                <TextEquiv>
                    <Unicode>El sumario dela medecina. (See facsimile, Vindel, vol. 2, p. 146.</Unicode>
                </TextEquiv>
            </TextLine>
            <TextLine id="rVsdZ_1l49" custom="readingOrder {index:48;}">
                <Coords points="786,3707 1461,3721 1461,3667 1423,3656 786,3657"/>
                <Baseline points="796,3690 828,3691 861,3694 894,3694 927,3694 960,3696 992,3696 1025,3696 1058,3696 1091,3696 1124,3695 1156,3694 1189,3694 1222,3694 1255,3694 1287,3694 1320,3694 1353,3694 1386,3694 1419,3695 1452,3696"/>
                <Word id="rVsdZ_1l49_w1" custom="readingOrder {index:0;}">
                    <Coords points="786,3652 786,3712 903,3712 903,3652"/>
                    <TextEquiv>
                        <Unicode>Sheet</Unicode>
                    </TextEquiv>
                </Word>
                <Word id="rVsdZ_1l49_w2" custom="readingOrder {index:1;}">
                    <Coords points="924,3654 924,3714 939,3714 939,3654"/>
                    <TextEquiv>
                        <Unicode>c</Unicode>
                    </TextEquiv>
                </Word>
                <Word id="rVsdZ_1l49_w3" custom="readingOrder {index:2;}">
                    <Coords points="972,3656 972,3716 987,3716 987,3656"/>
                    <TextEquiv>
                        <Unicode>1</Unicode>
                    </TextEquiv>
                </Word>
                <Word id="rVsdZ_1l49_w4" custom="readingOrder {index:3;}">
                    <Coords points="1014,3656 1014,3716 1040,3716 1040,3656"/>
                    <TextEquiv>
                        <Unicode>is</Unicode>
                    </TextEquiv>
                </Word>
                <Word id="rVsdZ_1l49_w5" custom="readingOrder {index:4;}">
                    <Coords points="1067,3654 1067,3714 1200,3714 1200,3654"/>
                    <TextEquiv>
                        <Unicode>signed</Unicode>
                    </TextEquiv>
                </Word>
                <Word id="rVsdZ_1l49_w6" custom="readingOrder {index:5;}">
                    <Coords points="1231,3654 1231,3714 1248,3714 1248,3654"/>
                    <TextEquiv>
                        <Unicode>e</Unicode>
                    </TextEquiv>
                </Word>
                <Word id="rVsdZ_1l49_w7" custom="readingOrder {index:6;}">
                    <Coords points="1274,3654 1274,3714 1306,3714 1306,3654"/>
                    <TextEquiv>
                        <Unicode>in</Unicode>
                    </TextEquiv>
                </Word>
                <Word id="rVsdZ_1l49_w8" custom="readingOrder {index:7;}">
                    <Coords points="1337,3654 1337,3714 1465,3714 1465,3654"/>
                    <TextEquiv>
                        <Unicode>error.</Unicode>
                    </TextEquiv>
                </Word>
                <TextEquiv>
                    <Unicode>Sheet c 1 is signed e in error.</Unicode>
                </TextEquiv>
            </TextLine>
            <TextLine id="rVsdZ_1l50" custom="readingOrder {index:49;}">
                <Coords points="772,3797 2147,3814 2147,3752 2082,3730 773,3735"/>
                <Baseline points="782,3780 849,3780 917,3780 985,3780 1053,3780 1121,3780 1188,3782 1256,3782 1324,3782 1392,3783 1460,3784 1527,3784 1595,3784 1663,3786 1731,3786 1799,3786 1866,3786 1934,3787 2002,3788 2070,3788 2138,3788"/>
                <Word id="rVsdZ_1l50_w1" custom="readingOrder {index:0;}">
                    <Coords points="775,3740 775,3800 887,3800 887,3740"/>
                    <TextEquiv>
                        <Unicode>275X</Unicode>
                    </TextEquiv>
                </Word>
                <Word id="rVsdZ_1l50_w2" custom="readingOrder {index:1;}">
                    <Coords points="926,3740 926,3800 999,3800 999,3740"/>
                    <TextEquiv>
                        <Unicode>185</Unicode>
                    </TextEquiv>
                </Word>
                <Word id="rVsdZ_1l50_w3" custom="readingOrder {index:2;}">
                    <Coords points="1039,3740 1039,3800 1151,3800 1151,3740"/>
                    <TextEquiv>
                        <Unicode>mm.</Unicode>
                    </TextEquiv>
                </Word>
                <Word id="rVsdZ_1l50_w4" custom="readingOrder {index:3;}">
                    <Coords points="1178,3742 1178,3802 1283,3802 1283,3742"/>
                    <TextEquiv>
                        <Unicode>From</Unicode>
                    </TextEquiv>
                </Word>
                <Word id="rVsdZ_1l50_w5" custom="readingOrder {index:4;}">
                    <Coords points="1343,3742 1343,3802 1409,3802 1409,3742"/>
                    <TextEquiv>
                        <Unicode>the</Unicode>
                    </TextEquiv>
                </Word>
                <Word id="rVsdZ_1l50_w6" custom="readingOrder {index:5;}">
                    <Coords points="1455,3744 1455,3804 1581,3804 1581,3744"/>
                    <TextEquiv>
                        <Unicode>Libri</Unicode>
                    </TextEquiv>
                </Word>
                <Word id="rVsdZ_1l50_w7" custom="readingOrder {index:6;}">
                    <Coords points="1608,3746 1608,3806 1859,3806 1859,3746"/>
                    <TextEquiv>
                        <Unicode>collection.</Unicode>
                    </TextEquiv>
                </Word>
                <Word id="rVsdZ_1l50_w8" custom="readingOrder {index:7;}">
                    <Coords points="1905,3747 1905,3807 2057,3807 2057,3747"/>
                    <TextEquiv>
                        <Unicode>Bound</Unicode>
                    </TextEquiv>
                </Word>
                <Word id="rVsdZ_1l50_w9" custom="readingOrder {index:8;}">
                    <Coords points="2096,3748 2096,3808 2143,3808 2143,3748"/>
                    <TextEquiv>
                        <Unicode>by</Unicode>
                    </TextEquiv>
                </Word>
                <TextEquiv>
                    <Unicode>275X 185 mm. From the Libri collection. Bound by</Unicode>
                </TextEquiv>
            </TextLine>
            <TextLine id="rVsdZ_1l51" custom="readingOrder {index:50;}">
                <Coords points="727,3862 1729,3865 1729,3826 1625,3809 728,3792"/>
                <Baseline points="736,3846 785,3846 834,3846 883,3846 932,3846 982,3846 1031,3844 1080,3844 1129,3844 1178,3844 1228,3844 1277,3844 1326,3844 1375,3844 1424,3844 1474,3844 1523,3846 1572,3847 1621,3849 1670,3851 1720,3854"/>
                <Word id="rVsdZ_1l51_w1" custom="readingOrder {index:0;}">
                    <Coords points="736,3806 736,3866 789,3866 789,3806"/>
                    <TextEquiv>
                        <Unicode>F.</Unicode>
                    </TextEquiv>
                </Word>
                <Word id="rVsdZ_1l51_w2" custom="readingOrder {index:1;}">
                    <Coords points="808,3806 808,3866 993,3866 993,3806"/>
                    <TextEquiv>
                        <Unicode>Bedford</Unicode>
                    </TextEquiv>
                </Word>
                <Word id="rVsdZ_1l51_w3" custom="readingOrder {index:2;}">
                    <Coords points="1026,3804 1026,3864 1059,3864 1059,3804"/>
                    <TextEquiv>
                        <Unicode>in</Unicode>
                    </TextEquiv>
                </Word>
                <Word id="rVsdZ_1l51_w4" custom="readingOrder {index:3;}">
                    <Coords points="1098,3804 1098,3864 1362,3864 1362,3804"/>
                    <TextEquiv>
                        <Unicode>gold-tooled</Unicode>
                    </TextEquiv>
                </Word>
                <Word id="rVsdZ_1l51_w5" custom="readingOrder {index:4;}">
                    <Coords points="1402,3804 1402,3864 1461,3864 1461,3804"/>
                    <TextEquiv>
                        <Unicode>red</Unicode>
                    </TextEquiv>
                </Word>
                <Word id="rVsdZ_1l51_w6" custom="readingOrder {index:5;}">
                    <Coords points="1501,3808 1501,3868 1725,3868 1725,3808"/>
                    <TextEquiv>
                        <Unicode>morocco.</Unicode>
                    </TextEquiv>
                </Word>
                <TextEquiv>
                    <Unicode>F. Bedford in gold-tooled red morocco.</Unicode>
                </TextEquiv>
            </TextLine>
            <TextLine id="rVsdZ_1l52" custom="readingOrder {index:51;}">
                <Coords points="778,3937 1088,3933 1151,3955 1513,3926 1513,3893 1395,3864 1218,3892 779,3877"/>
                <Baseline points="788,3918 823,3918 859,3920 895,3920 931,3920 967,3920 1002,3920 1038,3920 1074,3920 1110,3920 1146,3920 1181,3920 1217,3920 1253,3920 1289,3920 1325,3920 1360,3920 1396,3922 1432,3922 1468,3922 1504,3924"/>
                <Word id="rVsdZ_1l52_w1" custom="readingOrder {index:0;}">
                    <Coords points="781,3880 781,3940 966,3940 966,3880"/>
                    <TextEquiv>
                        <Unicode>Bought</Unicode>
                    </TextEquiv>
                </Word>
                <Word id="rVsdZ_1l52_w2" custom="readingOrder {index:1;}">
                    <Coords points="987,3880 987,3940 1021,3940 1021,3880"/>
                    <TextEquiv>
                        <Unicode>in</Unicode>
                    </TextEquiv>
                </Word>
                <Word id="rVsdZ_1l52_w3" custom="readingOrder {index:2;}">
                    <Coords points="1063,3880 1063,3940 1358,3940 1358,3880"/>
                    <TextEquiv>
                        <Unicode>September,</Unicode>
                    </TextEquiv>
                </Word>
                <Word id="rVsdZ_1l52_w4" custom="readingOrder {index:3;}">
                    <Coords points="1385,3882 1385,3942 1515,3942 1515,3882"/>
                    <TextEquiv>
                        <Unicode>1860.</Unicode>
                    </TextEquiv>
                </Word>
                <TextEquiv>
                    <Unicode>Bought in September, 1860.</Unicode>
                </TextEquiv>
            </TextLine>
            <TextLine id="rVsdZ_1l53" custom="readingOrder {index:52;}">
                <Coords points="1882,3945 1985,3935 2006,3953 2043,3940 2102,3957 2146,3942 2147,3893 2118,3883 2091,3890 2065,3870 1979,3896 1934,3866 1884,3863"/>
                <Baseline points="1892,3918 1919,3921 1946,3922 1974,3924 2001,3924 2028,3924 2056,3924 2083,3924 2110,3925 2138,3928"/>
                <Word id="rVsdZ_1l53_w1" custom="readingOrder {index:0;}">
                    <Coords points="1888,3881 1888,3941 1972,3941 1972,3881"/>
                    <TextEquiv>
                        <Unicode>IB.</Unicode>
                    </TextEquiv>
                </Word>
                <Word id="rVsdZ_1l53_w2" custom="readingOrder {index:1;}">
                    <Coords points="1996,3884 1996,3944 2157,3944 2157,3884"/>
                    <TextEquiv>
                        <Unicode>52832.</Unicode>
                    </TextEquiv>
                </Word>
                <TextEquiv>
                    <Unicode>IB. 52832.</Unicode>
                </TextEquiv>
            </TextLine>
            <TextLine id="rVsdZ_1l54" custom="readingOrder {index:53;}">
                <Coords points="707,4154 2138,4135 2138,4081 1962,4060 707,4063"/>
                <Baseline points="716,4122 786,4122 857,4122 927,4122 998,4122 1069,4122 1139,4122 1210,4122 1280,4122 1351,4122 1422,4124 1492,4124 1563,4124 1633,4124 1704,4124 1775,4124 1845,4126 1916,4126 1986,4126 2057,4126 2128,4126"/>
                <Word id="rVsdZ_1l54_w1" custom="readingOrder {index:0;}">
                    <Coords points="715,4082 715,4142 1125,4142 1125,4082"/>
                    <TextEquiv>
                        <Unicode>ANTONIUS</Unicode>
                    </TextEquiv>
                </Word>
                <Word id="rVsdZ_1l54_w2" custom="readingOrder {index:1;}">
                    <Coords points="1221,4084 1221,4144 1831,4144 1831,4084"/>
                    <TextEquiv>
                        <Unicode>NEBRISSENSIS,</Unicode>
                    </TextEquiv>
                </Word>
                <Word id="rVsdZ_1l54_w3" custom="readingOrder {index:2;}">
                    <Coords points="1908,4086 1908,4146 2127,4146 2127,4086"/>
                    <TextEquiv>
                        <Unicode>AELIUS</Unicode>
                    </TextEquiv>
                </Word>
                <TextEquiv>
                    <Unicode>ANTONIUS NEBRISSENSIS, AELIUS</Unicode>
                </TextEquiv>
            </TextLine>
            <TextLine id="rVsdZ_1l55" custom="readingOrder {index:54;}">
                <Coords points="793,4230 2113,4215 2113,4179 1929,4139 1609,4176 793,4145"/>
                <Baseline points="802,4204 867,4204 932,4204 997,4204 1062,4204 1127,4204 1192,4204 1257,4206 1322,4206 1387,4206 1453,4206 1518,4206 1583,4206 1648,4206 1713,4206 1778,4206 1843,4206 1908,4206 1973,4206 2038,4206 2104,4206"/>
                <Word id="rVsdZ_1l55_w1" custom="readingOrder {index:0;}">
                    <Coords points="797,4164 797,4224 1257,4224 1257,4164"/>
                    <TextEquiv>
                        <Unicode>Introductorium</Unicode>
                    </TextEquiv>
                </Word>
                <Word id="rVsdZ_1l55_w2" custom="readingOrder {index:1;}">
                    <Coords points="1324,4166 1324,4226 1362,4226 1362,4166"/>
                    <TextEquiv>
                        <Unicode>in</Unicode>
                    </TextEquiv>
                </Word>
                <Word id="rVsdZ_1l55_w3" custom="readingOrder {index:2;}">
                    <Coords points="1407,4166 1407,4226 1866,4226 1866,4166"/>
                    <TextEquiv>
                        <Unicode>cosmographiae</Unicode>
                    </TextEquiv>
                </Word>
                <Word id="rVsdZ_1l55_w4" custom="readingOrder {index:3;}">
                    <Coords points="1904,4166 1904,4226 2107,4226 2107,4166"/>
                    <TextEquiv>
                        <Unicode>libros.</Unicode>
                    </TextEquiv>
                </Word>
                <TextEquiv>
                    <Unicode>Introductorium in cosmographiae libros.</Unicode>
                </TextEquiv>
            </TextLine>
            <TextLine id="rVsdZ_1l56" custom="readingOrder {index:55;}">
                <Coords points="1839,4312 1897,4299 1922,4314 1975,4299 2020,4314 2057,4293 2136,4302 2138,4230 2116,4226 2078,4247 2007,4243 1988,4225 1935,4242 1903,4221 1841,4225"/>
                <Baseline points="1848,4282 1873,4282 1898,4282 1924,4283 1949,4284 1975,4284 2000,4285 2026,4286 2051,4286 2077,4286 2102,4288 2128,4286"/>
                <Word id="rVsdZ_1l56_w1" custom="readingOrder {index:0;}">
                    <Coords points="1853,4244 1853,4304 2112,4304 2112,4244"/>
                    <TextEquiv>
                        <Unicode>Undated</Unicode>
                    </TextEquiv>
                </Word>
                <TextEquiv>
                    <Unicode>Undated</Unicode>
                </TextEquiv>
            </TextLine>
            <TextLine id="rVsdZ_1l57" custom="readingOrder {index:56;}">
                <Coords points="772,4401 2147,4391 2147,4342 1868,4324 772,4349"/>
                <Baseline points="782,4384 849,4382 917,4382 985,4382 1053,4384 1121,4384 1188,4384 1256,4384 1324,4384 1392,4384 1460,4384 1527,4384 1595,4384 1663,4384 1731,4384 1799,4384 1866,4384 1934,4384 2002,4384 2070,4382 2138,4382"/>
                <Word id="rVsdZ_1l57_w1" custom="readingOrder {index:0;}">
                    <Coords points="774,4343 774,4403 817,4403 817,4343"/>
                    <TextEquiv>
                        <Unicode>1a</Unicode>
                    </TextEquiv>
                </Word>
                <Word id="rVsdZ_1l57_w2" custom="readingOrder {index:1;}">
                    <Coords points="874,4342 874,4402 993,4402 993,4342"/>
                    <TextEquiv>
                        <Unicode>Aelij</Unicode>
                    </TextEquiv>
                </Word>
                <Word id="rVsdZ_1l57_w3" custom="readingOrder {index:2;}">
                    <Coords points="1030,4344 1030,4404 1224,4404 1224,4344"/>
                    <TextEquiv>
                        <Unicode>Antonij</Unicode>
                    </TextEquiv>
                </Word>
                <Word id="rVsdZ_1l57_w4" custom="readingOrder {index:3;}">
                    <Coords points="1262,4344 1262,4404 1549,4404 1549,4344"/>
                    <TextEquiv>
                        <Unicode>nebrissensis</Unicode>
                    </TextEquiv>
                </Word>
                <Word id="rVsdZ_1l57_w5" custom="readingOrder {index:4;}">
                    <Coords points="1606,4344 1606,4404 1837,4404 1837,4344"/>
                    <TextEquiv>
                        <Unicode>gramatici</Unicode>
                    </TextEquiv>
                </Word>
                <Word id="rVsdZ_1l57_w6" custom="readingOrder {index:5;}">
                    <Coords points="1881,4344 1881,4404 1918,4404 1918,4344"/>
                    <TextEquiv>
                        <Unicode>in</Unicode>
                    </TextEquiv>
                </Word>
                <Word id="rVsdZ_1l57_w7" custom="readingOrder {index:6;}">
                    <Coords points="1981,4342 1981,4402 2157,4402 2157,4342"/>
                    <TextEquiv>
                        <Unicode>cosmo¬</Unicode>
                    </TextEquiv>
                </Word>
                <TextEquiv>
                    <Unicode>1a Aelij Antonij nebrissensis gramatici in cosmo¬</Unicode>
                </TextEquiv>
            </TextLine>
            <TextLine id="rVsdZ_1l58" custom="readingOrder {index:57;}">
                <Coords points="700,4464 2142,4463 2142,4403 1872,4387 700,4415"/>
                <Baseline points="710,4446 781,4446 852,4446 923,4448 994,4448 1065,4448 1136,4448 1207,4448 1278,4448 1349,4446 1421,4446 1492,4446 1563,4446 1634,4446 1705,4446 1776,4446 1847,4448 1918,4448 1989,4448 2060,4448 2132,4448"/>
                <Word id="rVsdZ_1l58_w1" custom="readingOrder {index:0;}">
                    <Coords points="702,4406 702,4466 904,4466 904,4406"/>
                    <TextEquiv>
                        <Unicode>graphiae</Unicode>
                    </TextEquiv>
                </Word>
                <Word id="rVsdZ_1l58_w2" custom="readingOrder {index:1;}">
                    <Coords points="1015,4408 1015,4468 1153,4468 1153,4408"/>
                    <TextEquiv>
                        <Unicode>libros</Unicode>
                    </TextEquiv>
                </Word>
                <Word id="rVsdZ_1l58_w3" custom="readingOrder {index:2;}">
                    <Coords points="1211,4406 1211,4466 1544,4466 1544,4406"/>
                    <TextEquiv>
                        <Unicode>introductorium</Unicode>
                    </TextEquiv>
                </Word>
                <Word id="rVsdZ_1l58_w4" custom="readingOrder {index:3;}">
                    <Coords points="1590,4406 1590,4466 1805,4466 1805,4406"/>
                    <TextEquiv>
                        <Unicode>incipitur</Unicode>
                    </TextEquiv>
                </Word>
                <Word id="rVsdZ_1l58_w5" custom="readingOrder {index:4;}">
                    <Coords points="1851,4408 1851,4468 2053,4468 2053,4408"/>
                    <TextEquiv>
                        <Unicode>foeliciter</Unicode>
                    </TextEquiv>
                </Word>
                <Word id="rVsdZ_1l58_w6" custom="readingOrder {index:5;}">
                    <Coords points="2105,4408 2105,4468 2144,4468 2144,4408"/>
                    <TextEquiv>
                        <Unicode>ac</Unicode>
                    </TextEquiv>
                </Word>
                <TextEquiv>
                    <Unicode>graphiae libros introductorium incipitur foeliciter ac</Unicode>
                </TextEquiv>
            </TextLine>
            <TextLine id="rVsdZ_1l59" custom="readingOrder {index:58;}">
                <Coords points="718,4522 943,4520 967,4543 1009,4546 1012,4459 960,4479 910,4467 873,4482 805,4467 776,4484 756,4469 720,4468"/>
                <Baseline points="728,4506 755,4508 782,4508 809,4508 836,4506 864,4506 891,4506 918,4508 945,4510 972,4516 1000,4522"/>
                <Word id="rVsdZ_1l59_w1" custom="readingOrder {index:0;}">
                    <Coords points="723,4466 723,4526 966,4526 966,4466"/>
                    <TextEquiv>
                        <Unicode>lectorem.</Unicode>
                    </TextEquiv>
                </Word>
                <TextEquiv>
                    <Unicode>lectorem.</Unicode>
                </TextEquiv>
            </TextLine>
            <TextLine id="rVsdZ_1l60" custom="readingOrder {index:59;}">
                <Coords points="883,4579 1981,4606 1981,4529 884,4534"/>
                <Baseline points="892,4582 946,4580 1000,4580 1054,4580 1108,4580 1162,4578 1216,4578 1270,4578 1324,4578 1378,4578 1432,4578 1486,4580 1540,4580 1594,4580 1648,4580 1702,4581 1756,4582 1810,4582 1864,4582 1918,4584 1972,4584"/>
                <Word id="rVsdZ_1l60_w1" custom="readingOrder {index:0;}">
                    <Coords points="890,4541 890,4601 938,4601 938,4541"/>
                    <TextEquiv>
                        <Unicode>Si</Unicode>
                    </TextEquiv>
                </Word>
                <Word id="rVsdZ_1l60_w2" custom="readingOrder {index:1;}">
                    <Coords points="963,4540 963,4600 1126,4600 1126,4540"/>
                    <TextEquiv>
                        <Unicode>primos</Unicode>
                    </TextEquiv>
                </Word>
                <Word id="rVsdZ_1l60_w3" custom="readingOrder {index:2;}">
                    <Coords points="1156,4538 1156,4598 1295,4598 1295,4538"/>
                    <TextEquiv>
                        <Unicode>aditus</Unicode>
                    </TextEquiv>
                </Word>
                <Word id="rVsdZ_1l60_w4" custom="readingOrder {index:3;}">
                    <Coords points="1325,4539 1325,4599 1598,4599 1598,4539"/>
                    <TextEquiv>
                        <Unicode>elementaque</Unicode>
                    </TextEquiv>
                </Word>
                <Word id="rVsdZ_1l60_w5" custom="readingOrder {index:4;}">
                    <Coords points="1616,4542 1616,4602 1960,4602 1960,4542"/>
                    <TextEquiv>
                        <Unicode>cosmographon</Unicode>
                    </TextEquiv>
                </Word>
                <TextEquiv>
                    <Unicode>Si primos aditus elementaque cosmographon</Unicode>
                </TextEquiv>
            </TextLine>
            <TextLine id="rVsdZ_1l61" custom="readingOrder {index:60;}">
                <Coords points="963,4660 2106,4656 1998,4587 1833,4619 963,4600"/>
                <Baseline points="972,4642 1028,4643 1084,4644 1140,4644 1197,4644 1253,4643 1309,4642 1366,4642 1422,4642 1478,4642 1535,4642 1591,4642 1647,4642 1703,4642 1760,4643 1816,4644 1872,4644 1929,4646 1985,4648 2041,4650 2098,4652"/>
                <Word id="rVsdZ_1l61_w1" custom="readingOrder {index:0;}">
                    <Coords points="966,4602 966,4662 1071,4662 1071,4602"/>
                    <TextEquiv>
                        <Unicode>Scire</Unicode>
                    </TextEquiv>
                </Word>
                <Word id="rVsdZ_1l61_w2" custom="readingOrder {index:1;}">
                    <Coords points="1104,4604 1104,4664 1249,4664 1249,4604"/>
                    <TextEquiv>
                        <Unicode>cupis:</Unicode>
                    </TextEquiv>
                </Word>
                <Word id="rVsdZ_1l61_w3" custom="readingOrder {index:2;}">
                    <Coords points="1269,4602 1269,4662 1441,4662 1441,4602"/>
                    <TextEquiv>
                        <Unicode>fuerint</Unicode>
                    </TextEquiv>
                </Word>
                <Word id="rVsdZ_1l61_w4" custom="readingOrder {index:3;}">
                    <Coords points="1461,4602 1461,4662 1547,4662 1547,4602"/>
                    <TextEquiv>
                        <Unicode>haec</Unicode>
                    </TextEquiv>
                </Word>
                <Word id="rVsdZ_1l61_w5" custom="readingOrder {index:4;}">
                    <Coords points="1580,4602 1580,4662 1666,4662 1666,4602"/>
                    <TextEquiv>
                        <Unicode>tibi</Unicode>
                    </TextEquiv>
                </Word>
                <Word id="rVsdZ_1l61_w6" custom="readingOrder {index:5;}">
                    <Coords points="1685,4602 1685,4662 1818,4662 1818,4602"/>
                    <TextEquiv>
                        <Unicode>pauca</Unicode>
                    </TextEquiv>
                </Word>
                <Word id="rVsdZ_1l61_w7" custom="readingOrder {index:6;}">
                    <Coords points="1844,4607 1844,4667 2116,4667 2116,4607"/>
                    <TextEquiv>
                        <Unicode>satis...</Unicode>
                    </TextEquiv>
                </Word>
                <TextEquiv>
                    <Unicode>Scire cupis: fuerint haec tibi pauca satis...</Unicode>
                </TextEquiv>
            </TextLine>
            <TextLine id="rVsdZ_1l62" custom="readingOrder {index:61;}">
                <Coords points="706,4724 1900,4726 1899,4681 1733,4660 706,4676"/>
                <Baseline points="714,4722 772,4721 831,4719 890,4718 949,4716 1008,4716 1066,4714 1125,4714 1184,4714 1243,4714 1302,4714 1360,4714 1419,4714 1478,4716 1537,4716 1596,4716 1654,4716 1713,4716 1772,4716 1831,4716 1890,4714"/>
                <Word id="rVsdZ_1l62_w1" custom="readingOrder {index:0;}">
                    <Coords points="714,4681 714,4741 764,4741 764,4681"/>
                    <TextEquiv>
                        <Unicode>(l.</Unicode>
                    </TextEquiv>
                </Word>
                <Word id="rVsdZ_1l62_w2" custom="readingOrder {index:1;}">
                    <Coords points="784,4679 784,4739 858,4739 858,4679"/>
                    <TextEquiv>
                        <Unicode>13)</Unicode>
                    </TextEquiv>
                </Word>
                <Word id="rVsdZ_1l62_w3" custom="readingOrder {index:2;}">
                    <Coords points="890,4676 890,4736 1060,4736 1060,4676"/>
                    <TextEquiv>
                        <Unicode>Interea</Unicode>
                    </TextEquiv>
                </Word>
                <Word id="rVsdZ_1l62_w4" custom="readingOrder {index:3;}">
                    <Coords points="1091,4674 1091,4734 1324,4734 1324,4674"/>
                    <TextEquiv>
                        <Unicode>contentus</Unicode>
                    </TextEquiv>
                </Word>
                <Word id="rVsdZ_1l62_w5" custom="readingOrder {index:4;}">
                    <Coords points="1355,4674 1355,4734 1450,4734 1450,4674"/>
                    <TextEquiv>
                        <Unicode>abi:</Unicode>
                    </TextEquiv>
                </Word>
                <Word id="rVsdZ_1l62_w6" custom="readingOrder {index:5;}">
                    <Coords points="1475,4676 1475,4736 1683,4736 1683,4676"/>
                    <TextEquiv>
                        <Unicode>nostrumque</Unicode>
                    </TextEquiv>
                </Word>
                <Word id="rVsdZ_1l62_w7" custom="readingOrder {index:6;}">
                    <Coords points="1701,4676 1701,4736 1871,4736 1871,4676"/>
                    <TextEquiv>
                        <Unicode>laborem</Unicode>
                    </TextEquiv>
                </Word>
                <TextEquiv>
                    <Unicode>(l. 13) Interea contentus abi: nostrumque laborem</Unicode>
                </TextEquiv>
            </TextLine>
            <TextLine id="rVsdZ_1l63" custom="readingOrder {index:62;}">
                <Coords points="955,4799 1692,4787 1872,4816 1851,4728 1740,4753 956,4735"/>
                <Baseline points="964,4778 1009,4778 1054,4780 1099,4780 1144,4780 1189,4780 1234,4780 1279,4780 1324,4778 1369,4778 1414,4778 1459,4778 1504,4778 1549,4778 1594,4778 1639,4778 1684,4780 1729,4781 1774,4782 1819,4785 1864,4788"/>
                <Word id="rVsdZ_1l63_w1" custom="readingOrder {index:0;}">
                    <Coords points="957,4738 957,4798 1054,4798 1054,4738"/>
                    <TextEquiv>
                        <Unicode>Non</Unicode>
                    </TextEquiv>
                </Word>
                <Word id="rVsdZ_1l63_w2" custom="readingOrder {index:1;}">
                    <Coords points="1086,4740 1086,4800 1345,4800 1345,4740"/>
                    <TextEquiv>
                        <Unicode>aspernatus</Unicode>
                    </TextEquiv>
                </Word>
                <Word id="rVsdZ_1l63_w3" custom="readingOrder {index:2;}">
                    <Coords points="1371,4738 1371,4798 1507,4798 1507,4738"/>
                    <TextEquiv>
                        <Unicode>lector</Unicode>
                    </TextEquiv>
                </Word>
                <Word id="rVsdZ_1l63_w4" custom="readingOrder {index:3;}">
                    <Coords points="1533,4738 1533,4798 1668,4798 1668,4738"/>
                    <TextEquiv>
                        <Unicode>amice</Unicode>
                    </TextEquiv>
                </Word>
                <Word id="rVsdZ_1l63_w5" custom="readingOrder {index:4;}">
                    <Coords points="1701,4741 1701,4801 1811,4801 1811,4741"/>
                    <TextEquiv>
                        <Unicode>legas</Unicode>
                    </TextEquiv>
                </Word>
                <TextEquiv>
                    <Unicode>Non aspernatus lector amice legas</Unicode>
                </TextEquiv>
            </TextLine>
            <TextLine id="rVsdZ_1l64" custom="readingOrder {index:63;}">
                <Coords points="718,4878 2136,4893 2134,4835 1935,4811 718,4831"/>
                <Baseline points="726,4860 796,4860 866,4862 936,4862 1006,4862 1076,4864 1146,4864 1216,4864 1286,4864 1356,4864 1426,4864 1496,4864 1566,4865 1636,4866 1706,4866 1776,4866 1846,4866 1916,4866 1986,4866 2056,4867 2126,4868"/>
                <Word id="rVsdZ_1l64_w1" custom="readingOrder {index:0;}">
                    <Coords points="720,4820 720,4880 758,4880 758,4820"/>
                    <TextEquiv>
                        <Unicode>1b</Unicode>
                    </TextEquiv>
                </Word>
                <Word id="rVsdZ_1l64_w2" custom="readingOrder {index:1;}">
                    <Coords points="802,4822 802,4882 1064,4882 1064,4822"/>
                    <TextEquiv>
                        <Unicode>Superficiem</Unicode>
                    </TextEquiv>
                </Word>
                <Word id="rVsdZ_1l64_w3" custom="readingOrder {index:2;}">
                    <Coords points="1114,4824 1114,4884 1222,4884 1222,4824"/>
                    <TextEquiv>
                        <Unicode>terre</Unicode>
                    </TextEquiv>
                </Word>
                <Word id="rVsdZ_1l64_w4" custom="readingOrder {index:3;}">
                    <Coords points="1254,4824 1254,4884 1293,4884 1293,4824"/>
                    <TextEquiv>
                        <Unicode>&amp;</Unicode>
                    </TextEquiv>
                </Word>
                <Word id="rVsdZ_1l64_w5" custom="readingOrder {index:4;}">
                    <Coords points="1305,4824 1305,4884 1413,4884 1413,4824"/>
                    <TextEquiv>
                        <Unicode>aque</Unicode>
                    </TextEquiv>
                </Word>
                <Word id="rVsdZ_1l64_w6" custom="readingOrder {index:5;}">
                    <Coords points="1439,4824 1439,4884 1598,4884 1598,4824"/>
                    <TextEquiv>
                        <Unicode>mundo</Unicode>
                    </TextEquiv>
                </Word>
                <Word id="rVsdZ_1l64_w7" custom="readingOrder {index:6;}">
                    <Coords points="1661,4826 1661,4886 1916,4886 1916,4826"/>
                    <TextEquiv>
                        <Unicode>concentricam</Unicode>
                    </TextEquiv>
                </Word>
                <Word id="rVsdZ_1l64_w8" custom="readingOrder {index:7;}">
                    <Coords points="1935,4826 1935,4886 2044,4886 2044,4826"/>
                    <TextEquiv>
                        <Unicode>esse.</Unicode>
                    </TextEquiv>
                </Word>
                <Word id="rVsdZ_1l64_w9" custom="readingOrder {index:8;}">
                    <Coords points="2063,4827 2063,4887 2126,4887 2126,4827"/>
                    <TextEquiv>
                        <Unicode>cap</Unicode>
                    </TextEquiv>
                </Word>
                <TextEquiv>
                    <Unicode>1b Superficiem terre &amp; aque mundo concentricam esse. cap</Unicode>
                </TextEquiv>
            </TextLine>
            <TextEquiv>
                <Unicode></Unicode>
            </TextEquiv>
        </TextRegion>
        <TextRegion orientation="0.0" id="rX9wI_2" custom="readingOrder {index:1;} structure {type:column2;}">
            <Coords points="3562,554 2219,688 2195,4245 2268,4909 3550,4945 3701,4823 3677,602"/>
            <TextLine id="rX9wI_2l1" custom="readingOrder {index:0;}">
                <Coords points="2754,646 2998,618 3564,639 3564,556 3512,548 2754,570"/>
                <Baseline points="2764,614 2803,616 2843,616 2882,616 2922,614 2962,614 3001,614 3041,614 3080,612 3120,612 3160,612 3199,612 3239,612 3278,612 3318,612 3358,612 3397,612 3437,613 3476,614 3516,616 3556,618"/>
                <Word id="rX9wI_2l1_w1" custom="readingOrder {index:0;}">
                    <Coords points="2763,576 2763,636 2951,636 2951,576"/>
                    <TextEquiv>
                        <Unicode>ITICA</Unicode>
                    </TextEquiv>
                </Word>
                <Word id="rX9wI_2l1_w2" custom="readingOrder {index:1;}">
                    <Coords points="3010,572 3010,632 3533,632 3533,572"/>
                    <TextEquiv>
                        <Unicode>CASTELLANA</Unicode>
                    </TextEquiv>
                </Word>
                <TextEquiv>
                    <Unicode>ITICA CASTELLANA</Unicode>
                </TextEquiv>
            </TextLine>
            <TextLine id="rX9wI_2l2" custom="readingOrder {index:1;}">
                <Coords points="2221,735 3641,717 3641,649 3581,638 2221,675"/>
                <Baseline points="2230,708 2300,710 2370,712 2440,713 2510,714 2580,714 2650,714 2720,716 2790,716 2860,715 2931,714 3001,714 3071,714 3141,714 3211,714 3281,714 3351,714 3421,714 3491,716 3561,716 3632,718"/>
                <Word id="rX9wI_2l2_w1" custom="readingOrder {index:0;}">
                    <Coords points="2224,670 2224,730 2440,730 2440,670"/>
                    <TextEquiv>
                        <Unicode>primum.</Unicode>
                    </TextEquiv>
                </Word>
                <Word id="rX9wI_2l2_w2" custom="readingOrder {index:1;}">
                    <Coords points="2523,674 2523,734 2759,734 2759,674"/>
                    <TextEquiv>
                        <Unicode>PRincipio</Unicode>
                    </TextEquiv>
                </Word>
                <Word id="rX9wI_2l2_w3" custom="readingOrder {index:2;}">
                    <Coords points="2802,674 2802,734 3108,734 3108,674"/>
                    <TextEquiv>
                        <Unicode>supponendum</Unicode>
                    </TextEquiv>
                </Word>
                <Word id="rX9wI_2l2_w4" custom="readingOrder {index:3;}">
                    <Coords points="3135,674 3135,734 3261,734 3261,674"/>
                    <TextEquiv>
                        <Unicode>nobis</Unicode>
                    </TextEquiv>
                </Word>
                <Word id="rX9wI_2l2_w5" custom="readingOrder {index:4;}">
                    <Coords points="3295,674 3295,734 3379,734 3379,674"/>
                    <TextEquiv>
                        <Unicode>est:</Unicode>
                    </TextEquiv>
                </Word>
                <Word id="rX9wI_2l2_w6" custom="readingOrder {index:5;}">
                    <Coords points="3407,674 3407,734 3448,734 3448,674"/>
                    <TextEquiv>
                        <Unicode>id</Unicode>
                    </TextEquiv>
                </Word>
                <Word id="rX9wI_2l2_w7" custom="readingOrder {index:6;}">
                    <Coords points="3490,676 3490,736 3601,736 3601,676"/>
                    <TextEquiv>
                        <Unicode>quod</Unicode>
                    </TextEquiv>
                </Word>
                <TextEquiv>
                    <Unicode>primum. PRincipio supponendum nobis est: id quod</Unicode>
                </TextEquiv>
            </TextLine>
            <TextLine id="rX9wI_2l3" custom="readingOrder {index:2;}">
                <Coords points="2225,788 3659,801 3625,726 3348,767 3272,726 2225,738"/>
                <Baseline points="2234,774 2304,776 2375,776 2446,776 2517,776 2588,776 2658,776 2729,776 2800,776 2871,776 2942,776 3012,778 3083,778 3154,778 3225,778 3296,778 3366,780 3437,780 3508,781 3579,782 3650,784"/>
                <Word id="rX9wI_2l3_w1" custom="readingOrder {index:0;}">
                    <Coords points="2228,735 2228,795 2343,795 2343,735"/>
                    <TextEquiv>
                        <Unicode>facile</Unicode>
                    </TextEquiv>
                </Word>
                <Word id="rX9wI_2l3_w2" custom="readingOrder {index:1;}">
                    <Coords points="2378,736 2378,796 2392,796 2392,736"/>
                    <TextEquiv>
                        <Unicode>a</Unicode>
                    </TextEquiv>
                </Word>
                <Word id="rX9wI_2l3_w3" custom="readingOrder {index:2;}">
                    <Coords points="2419,736 2419,796 2610,796 2610,736"/>
                    <TextEquiv>
                        <Unicode>physicis</Unicode>
                    </TextEquiv>
                </Word>
                <Word id="rX9wI_2l3_w4" custom="readingOrder {index:3;}">
                    <Coords points="2638,736 2638,796 3013,796 3013,736"/>
                    <TextEquiv>
                        <Unicode>mathematicisque</Unicode>
                    </TextEquiv>
                </Word>
                <Word id="rX9wI_2l3_w5" custom="readingOrder {index:4;}">
                    <Coords points="3027,738 3027,798 3388,798 3388,738"/>
                    <TextEquiv>
                        <Unicode>probatur...</Unicode>
                    </TextEquiv>
                </Word>
                <Word id="rX9wI_2l3_w6" custom="readingOrder {index:5;}">
                    <Coords points="3429,740 3429,800 3524,800 3524,740"/>
                    <TextEquiv>
                        <Unicode>146,</Unicode>
                    </TextEquiv>
                </Word>
                <Word id="rX9wI_2l3_w7" custom="readingOrder {index:6;}">
                    <Coords points="3539,741 3539,801 3573,801 3573,741"/>
                    <TextEquiv>
                        <Unicode>l.</Unicode>
                    </TextEquiv>
                </Word>
                <Word id="rX9wI_2l3_w8" custom="readingOrder {index:7;}">
                    <Coords points="3593,743 3593,803 3669,803 3669,743"/>
                    <TextEquiv>
                        <Unicode>16,</Unicode>
                    </TextEquiv>
                </Word>
                <TextEquiv>
                    <Unicode>facile a physicis mathematicisque probatur... 146, l. 16,</Unicode>
                </TextEquiv>
            </TextLine>
            <TextLine id="rX9wI_2l4" custom="readingOrder {index:3;}">
                <Coords points="2226,847 3671,858 3671,795 2226,786"/>
                <Baseline points="2236,832 2307,836 2378,838 2449,839 2521,840 2592,841 2663,842 2735,842 2806,842 2877,842 2949,840 3020,840 3091,840 3162,840 3234,840 3305,840 3376,840 3448,840 3519,842 3590,842 3662,844"/>
                <Word id="rX9wI_2l4_w1" custom="readingOrder {index:0;}">
                    <Coords points="2229,795 2229,855 2354,855 2354,795"/>
                    <TextEquiv>
                        <Unicode>END:</Unicode>
                    </TextEquiv>
                </Word>
                <Word id="rX9wI_2l4_w2" custom="readingOrder {index:1;}">
                    <Coords points="2381,798 2381,858 2493,858 2493,798"/>
                    <TextEquiv>
                        <Unicode>Vrbs</Unicode>
                    </TextEquiv>
                </Word>
                <Word id="rX9wI_2l4_w3" custom="readingOrder {index:2;}">
                    <Coords points="2527,800 2527,860 2632,860 2632,800"/>
                    <TextEquiv>
                        <Unicode>dicit</Unicode>
                    </TextEquiv>
                </Word>
                <Word id="rX9wI_2l4_w4" custom="readingOrder {index:3;}">
                    <Coords points="2666,802 2666,862 2736,862 2736,802"/>
                    <TextEquiv>
                        <Unicode>ois</Unicode>
                    </TextEquiv>
                </Word>
                <Word id="rX9wI_2l4_w5" custom="readingOrder {index:4;}">
                    <Coords points="2763,802 2763,862 2916,862 2916,802"/>
                    <TextEquiv>
                        <Unicode>ciuitas</Unicode>
                    </TextEquiv>
                </Word>
                <Word id="rX9wI_2l4_w6" custom="readingOrder {index:5;}">
                    <Coords points="2951,800 2951,860 3021,860 3021,800"/>
                    <TextEquiv>
                        <Unicode>sed</Unicode>
                    </TextEquiv>
                </Word>
                <Word id="rX9wI_2l4_w7" custom="readingOrder {index:6;}">
                    <Coords points="3055,800 3055,860 3076,860 3076,800"/>
                    <TextEquiv>
                        <Unicode>p</Unicode>
                    </TextEquiv>
                </Word>
                <Word id="rX9wI_2l4_w8" custom="readingOrder {index:7;}">
                    <Coords points="3124,800 3124,860 3347,860 3347,800"/>
                    <TextEquiv>
                        <Unicode>excellentiam</Unicode>
                    </TextEquiv>
                </Word>
                <Word id="rX9wI_2l4_w9" custom="readingOrder {index:8;}">
                    <Coords points="3382,800 3382,860 3514,860 3514,800"/>
                    <TextEquiv>
                        <Unicode>Roma</Unicode>
                    </TextEquiv>
                </Word>
                <Word id="rX9wI_2l4_w10" custom="readingOrder {index:9;}">
                    <Coords points="3555,802 3555,862 3659,862 3659,802"/>
                    <TextEquiv>
                        <Unicode>dicit</Unicode>
                    </TextEquiv>
                </Word>
                <TextEquiv>
                    <Unicode>END: Vrbs dicit ois ciuitas sed p excellentiam Roma dicit</Unicode>
                </TextEquiv>
            </TextLine>
            <TextLine id="rX9wI_2l5" custom="readingOrder {index:4;}">
                <Coords points="2215,908 2237,905 2263,922 2283,917 2301,923 2335,912 2360,932 2397,930 2408,847 2366,849 2338,865 2296,851 2267,866 2222,863"/>
                <Baseline points="2226,892 2253,894 2280,896 2308,899 2335,903 2362,909 2390,916"/>
                <Word id="rX9wI_2l5_w1" custom="readingOrder {index:0;}">
                    <Coords points="2224,856 2224,916 2336,916 2336,856"/>
                    <TextEquiv>
                        <Unicode>vrbs</Unicode>
                    </TextEquiv>
                </Word>
                <TextEquiv>
                    <Unicode>vrbs</Unicode>
                </TextEquiv>
            </TextLine>
            <TextLine id="rX9wI_2l6" custom="readingOrder {index:5;}">
                <Coords points="2280,1017 3671,1017 3671,964 3569,939 2280,948"/>
                <Baseline points="2288,990 2356,990 2425,992 2494,992 2562,994 2631,994 2700,994 2768,994 2837,994 2906,994 2975,992 3043,992 3112,992 3181,992 3249,992 3318,992 3387,992 3455,992 3524,994 3593,995 3662,996"/>
                <Word id="rX9wI_2l6_w1" custom="readingOrder {index:0;}">
                    <Coords points="2287,950 2287,1010 2452,1010 2452,950"/>
                    <TextEquiv>
                        <Unicode>Quarto.</Unicode>
                    </TextEquiv>
                </Word>
                <Word id="rX9wI_2l6_w2" custom="readingOrder {index:1;}">
                    <Coords points="2480,952 2480,1012 2520,1012 2520,952"/>
                    <TextEquiv>
                        <Unicode>a8</Unicode>
                    </TextEquiv>
                </Word>
                <Word id="rX9wI_2l6_w3" custom="readingOrder {index:2;}">
                    <Coords points="2544,954 2544,1014 2606,1014 2606,954"/>
                    <TextEquiv>
                        <Unicode>b.</Unicode>
                    </TextEquiv>
                </Word>
                <Word id="rX9wI_2l6_w4" custom="readingOrder {index:3;}">
                    <Coords points="2640,954 2640,1014 2681,1014 2681,954"/>
                    <TextEquiv>
                        <Unicode>14</Unicode>
                    </TextEquiv>
                </Word>
                <Word id="rX9wI_2l6_w5" custom="readingOrder {index:4;}">
                    <Coords points="2709,954 2709,1014 2857,1014 2857,954"/>
                    <TextEquiv>
                        <Unicode>leaves.</Unicode>
                    </TextEquiv>
                </Word>
                <Word id="rX9wI_2l6_w6" custom="readingOrder {index:5;}">
                    <Coords points="2886,953 2886,1013 2955,1013 2955,953"/>
                    <TextEquiv>
                        <Unicode>22:</Unicode>
                    </TextEquiv>
                </Word>
                <Word id="rX9wI_2l6_w7" custom="readingOrder {index:6;}">
                    <Coords points="2977,952 2977,1012 3017,1012 3017,952"/>
                    <TextEquiv>
                        <Unicode>29</Unicode>
                    </TextEquiv>
                </Word>
                <Word id="rX9wI_2l6_w8" custom="readingOrder {index:7;}">
                    <Coords points="3052,952 3052,1012 3172,1012 3172,952"/>
                    <TextEquiv>
                        <Unicode>lines,</Unicode>
                    </TextEquiv>
                </Word>
                <Word id="rX9wI_2l6_w9" custom="readingOrder {index:8;}">
                    <Coords points="3200,952 3200,1012 3263,1012 3263,952"/>
                    <TextEquiv>
                        <Unicode>165</Unicode>
                    </TextEquiv>
                </Word>
                <Word id="rX9wI_2l6_w10" custom="readingOrder {index:9;}">
                    <Coords points="3286,952 3286,1012 3372,1012 3372,952"/>
                    <TextEquiv>
                        <Unicode>X97</Unicode>
                    </TextEquiv>
                </Word>
                <Word id="rX9wI_2l6_w11" custom="readingOrder {index:10;}">
                    <Coords points="3394,952 3394,1012 3497,1012 3497,952"/>
                    <TextEquiv>
                        <Unicode>mm.</Unicode>
                    </TextEquiv>
                </Word>
                <Word id="rX9wI_2l6_w12" custom="readingOrder {index:11;}">
                    <Coords points="3531,955 3531,1015 3668,1015 3668,955"/>
                    <TextEquiv>
                        <Unicode>Type:</Unicode>
                    </TextEquiv>
                </Word>
                <TextEquiv>
                    <Unicode>Quarto. a8 b. 14 leaves. 22: 29 lines, 165 X97 mm. Type:</Unicode>
                </TextEquiv>
            </TextLine>
            <TextLine id="rX9wI_2l7" custom="readingOrder {index:6;}">
                <Coords points="2234,1052 3666,1070 3666,1014 3511,1004 2234,1014"/>
                <Baseline points="2242,1040 2312,1042 2383,1042 2454,1044 2525,1044 2596,1045 2666,1046 2737,1046 2808,1046 2879,1046 2950,1046 3020,1046 3091,1046 3162,1046 3233,1046 3304,1046 3374,1046 3445,1046 3516,1048 3587,1048 3658,1048"/>
                <Word id="rX9wI_2l7_w1" custom="readingOrder {index:0;}">
                    <Coords points="2236,1000 2236,1060 2290,1060 2290,1000"/>
                    <TextEquiv>
                        <Unicode>112</Unicode>
                    </TextEquiv>
                </Word>
                <Word id="rX9wI_2l7_w2" custom="readingOrder {index:1;}">
                    <Coords points="2326,1002 2326,1062 2375,1062 2375,1002"/>
                    <TextEquiv>
                        <Unicode>R.</Unicode>
                    </TextEquiv>
                </Word>
                <Word id="rX9wI_2l7_w3" custom="readingOrder {index:2;}">
                    <Coords points="2412,1004 2412,1064 2606,1064 2606,1004"/>
                    <TextEquiv>
                        <Unicode>Capitals.</Unicode>
                    </TextEquiv>
                </Word>
                <Word id="rX9wI_2l7_w4" custom="readingOrder {index:3;}">
                    <Coords points="2643,1006 2643,1066 2818,1066 2818,1006"/>
                    <TextEquiv>
                        <Unicode>Haebler</Unicode>
                    </TextEquiv>
                </Word>
                <Word id="rX9wI_2l7_w5" custom="readingOrder {index:4;}">
                    <Coords points="2843,1006 2843,1066 2934,1066 2934,1006"/>
                    <TextEquiv>
                        <Unicode>479.</Unicode>
                    </TextEquiv>
                </Word>
                <Word id="rX9wI_2l7_w6" custom="readingOrder {index:5;}">
                    <Coords points="2976,1006 2976,1066 3134,1066 3134,1006"/>
                    <TextEquiv>
                        <Unicode>Vindel,</Unicode>
                    </TextEquiv>
                </Word>
                <Word id="rX9wI_2l7_w7" custom="readingOrder {index:6;}">
                    <Coords points="3159,1006 3159,1066 3238,1066 3238,1006"/>
                    <TextEquiv>
                        <Unicode>vol.</Unicode>
                    </TextEquiv>
                </Word>
                <Word id="rX9wI_2l7_w8" custom="readingOrder {index:7;}">
                    <Coords points="3262,1006 3262,1066 3305,1066 3305,1006"/>
                    <TextEquiv>
                        <Unicode>2,</Unicode>
                    </TextEquiv>
                </Word>
                <Word id="rX9wI_2l7_w9" custom="readingOrder {index:8;}">
                    <Coords points="3323,1006 3323,1066 3371,1066 3371,1006"/>
                    <TextEquiv>
                        <Unicode>p.</Unicode>
                    </TextEquiv>
                </Word>
                <Word id="rX9wI_2l7_w10" custom="readingOrder {index:9;}">
                    <Coords points="3395,1006 3395,1066 3481,1066 3481,1006"/>
                    <TextEquiv>
                        <Unicode>150,</Unicode>
                    </TextEquiv>
                </Word>
                <Word id="rX9wI_2l7_w11" custom="readingOrder {index:10;}">
                    <Coords points="3505,1008 3505,1068 3578,1068 3578,1008"/>
                    <TextEquiv>
                        <Unicode>no.</Unicode>
                    </TextEquiv>
                </Word>
                <Word id="rX9wI_2l7_w12" custom="readingOrder {index:11;}">
                    <Coords points="3596,1008 3596,1068 3663,1068 3663,1008"/>
                    <TextEquiv>
                        <Unicode>97.</Unicode>
                    </TextEquiv>
                </Word>
                <TextEquiv>
                    <Unicode>112 R. Capitals. Haebler 479. Vindel, vol. 2, p. 150, no. 97.</Unicode>
                </TextEquiv>
            </TextLine>
            <TextLine id="rX9wI_2l8" custom="readingOrder {index:7;}">
                <Coords points="2229,1105 2676,1110 2676,1063 2521,1072 2420,1050 2307,1065 2230,1053"/>
                <Baseline points="2238,1092 2263,1092 2288,1092 2313,1092 2338,1092 2363,1092 2389,1092 2414,1092 2439,1092 2464,1092 2489,1094 2514,1094 2540,1094 2565,1096 2590,1096 2615,1097 2640,1098 2666,1100"/>
                <Word id="rX9wI_2l8_w1" custom="readingOrder {index:0;}">
                    <Coords points="2231,1052 2231,1112 2316,1112 2316,1052"/>
                    <TextEquiv>
                        <Unicode>Part</Unicode>
                    </TextEquiv>
                </Word>
                <Word id="rX9wI_2l8_w2" custom="readingOrder {index:1;}">
                    <Coords points="2341,1052 2341,1112 2378,1112 2378,1052"/>
                    <TextEquiv>
                        <Unicode>of</Unicode>
                    </TextEquiv>
                </Word>
                <Word id="rX9wI_2l8_w3" custom="readingOrder {index:2;}">
                    <Coords points="2402,1052 2402,1112 2501,1112 2501,1052"/>
                    <TextEquiv>
                        <Unicode>Hain</Unicode>
                    </TextEquiv>
                </Word>
                <Word id="rX9wI_2l8_w4" custom="readingOrder {index:3;}">
                    <Coords points="2538,1056 2538,1116 2679,1116 2679,1056"/>
                    <TextEquiv>
                        <Unicode>11021.</Unicode>
                    </TextEquiv>
                </Word>
                <TextEquiv>
                    <Unicode>Part of Hain 11021.</Unicode>
                </TextEquiv>
            </TextLine>
            <TextLine id="rX9wI_2l9" custom="readingOrder {index:8;}">
                <Coords points="2284,1172 3666,1173 3666,1118 3568,1100 2284,1112"/>
                <Baseline points="2292,1154 2360,1155 2428,1156 2496,1156 2564,1158 2633,1158 2701,1158 2769,1158 2837,1158 2905,1158 2974,1156 3042,1156 3110,1156 3178,1156 3246,1156 3315,1156 3383,1156 3451,1156 3519,1158 3587,1158 3656,1160"/>
                <Word id="rX9wI_2l9_w1" custom="readingOrder {index:0;}">
                    <Coords points="2284,1114 2284,1174 2358,1174 2358,1114"/>
                    <TextEquiv>
                        <Unicode>The</Unicode>
                    </TextEquiv>
                </Word>
                <Word id="rX9wI_2l9_w2" custom="readingOrder {index:1;}">
                    <Coords points="2390,1116 2390,1176 2550,1176 2550,1116"/>
                    <TextEquiv>
                        <Unicode>present</Unicode>
                    </TextEquiv>
                </Word>
                <Word id="rX9wI_2l9_w3" custom="readingOrder {index:2;}">
                    <Coords points="2571,1118 2571,1178 2673,1178 2673,1118"/>
                    <TextEquiv>
                        <Unicode>tract</Unicode>
                    </TextEquiv>
                </Word>
                <Word id="rX9wI_2l9_w4" custom="readingOrder {index:3;}">
                    <Coords points="2689,1118 2689,1178 2721,1178 2721,1118"/>
                    <TextEquiv>
                        <Unicode>is</Unicode>
                    </TextEquiv>
                </Word>
                <Word id="rX9wI_2l9_w5" custom="readingOrder {index:4;}">
                    <Coords points="2743,1118 2743,1178 2940,1178 2940,1118"/>
                    <TextEquiv>
                        <Unicode>generally</Unicode>
                    </TextEquiv>
                </Word>
                <Word id="rX9wI_2l9_w6" custom="readingOrder {index:5;}">
                    <Coords points="2966,1116 2966,1176 3163,1176 3163,1116"/>
                    <TextEquiv>
                        <Unicode>supposed</Unicode>
                    </TextEquiv>
                </Word>
                <Word id="rX9wI_2l9_w7" custom="readingOrder {index:6;}">
                    <Coords points="3195,1116 3195,1176 3228,1176 3228,1116"/>
                    <TextEquiv>
                        <Unicode>to</Unicode>
                    </TextEquiv>
                </Word>
                <Word id="rX9wI_2l9_w8" custom="readingOrder {index:7;}">
                    <Coords points="3259,1116 3259,1176 3350,1176 3350,1116"/>
                    <TextEquiv>
                        <Unicode>have</Unicode>
                    </TextEquiv>
                </Word>
                <Word id="rX9wI_2l9_w9" custom="readingOrder {index:8;}">
                    <Coords points="3382,1116 3382,1176 3467,1176 3467,1116"/>
                    <TextEquiv>
                        <Unicode>been</Unicode>
                    </TextEquiv>
                </Word>
                <Word id="rX9wI_2l9_w10" custom="readingOrder {index:9;}">
                    <Coords points="3504,1118 3504,1178 3654,1178 3654,1118"/>
                    <TextEquiv>
                        <Unicode>printed</Unicode>
                    </TextEquiv>
                </Word>
                <TextEquiv>
                    <Unicode>The present tract is generally supposed to have been printed</Unicode>
                </TextEquiv>
            </TextLine>
            <TextLine id="rX9wI_2l10" custom="readingOrder {index:9;}">
                <Coords points="2219,1208 3673,1225 3593,1167 2219,1177"/>
                <Baseline points="2228,1202 2299,1204 2371,1205 2443,1206 2515,1208 2587,1208 2658,1208 2730,1208 2802,1208 2874,1208 2946,1208 3017,1208 3089,1208 3161,1206 3233,1206 3305,1206 3376,1206 3448,1208 3520,1208 3592,1210 3664,1212"/>
                <Word id="rX9wI_2l10_w1" custom="readingOrder {index:0;}">
                    <Coords points="2224,1162 2224,1222 2262,1222 2262,1162"/>
                    <TextEquiv>
                        <Unicode>at</Unicode>
                    </TextEquiv>
                </Word>
                <Word id="rX9wI_2l10_w2" custom="readingOrder {index:1;}">
                    <Coords points="2283,1164 2283,1224 2406,1224 2406,1164"/>
                    <TextEquiv>
                        <Unicode>about</Unicode>
                    </TextEquiv>
                </Word>
                <Word id="rX9wI_2l10_w3" custom="readingOrder {index:2;}">
                    <Coords points="2428,1166 2428,1226 2487,1226 2487,1166"/>
                    <TextEquiv>
                        <Unicode>the</Unicode>
                    </TextEquiv>
                </Word>
                <Word id="rX9wI_2l10_w4" custom="readingOrder {index:3;}">
                    <Coords points="2519,1168 2519,1228 2621,1228 2621,1168"/>
                    <TextEquiv>
                        <Unicode>same</Unicode>
                    </TextEquiv>
                </Word>
                <Word id="rX9wI_2l10_w5" custom="readingOrder {index:4;}">
                    <Coords points="2653,1168 2653,1228 2739,1228 2739,1168"/>
                    <TextEquiv>
                        <Unicode>time</Unicode>
                    </TextEquiv>
                </Word>
                <Word id="rX9wI_2l10_w6" custom="readingOrder {index:5;}">
                    <Coords points="2771,1168 2771,1228 2809,1228 2809,1168"/>
                    <TextEquiv>
                        <Unicode>as</Unicode>
                    </TextEquiv>
                </Word>
                <Word id="rX9wI_2l10_w7" custom="readingOrder {index:6;}">
                    <Coords points="2835,1168 2835,1228 2895,1228 2895,1168"/>
                    <TextEquiv>
                        <Unicode>the</Unicode>
                    </TextEquiv>
                </Word>
                <Word id="rX9wI_2l10_w8" custom="readingOrder {index:7;}">
                    <Coords points="2927,1168 2927,1228 3173,1228 3173,1168"/>
                    <TextEquiv>
                        <Unicode>Pomponius</Unicode>
                    </TextEquiv>
                </Word>
                <Word id="rX9wI_2l10_w9" custom="readingOrder {index:8;}">
                    <Coords points="3205,1166 3205,1226 3333,1226 3333,1166"/>
                    <TextEquiv>
                        <Unicode>Mela,</Unicode>
                    </TextEquiv>
                </Word>
                <Word id="rX9wI_2l10_w10" custom="readingOrder {index:9;}">
                    <Coords points="3355,1166 3355,1226 3409,1226 3409,1166"/>
                    <TextEquiv>
                        <Unicode>De</Unicode>
                    </TextEquiv>
                </Word>
                <Word id="rX9wI_2l10_w11" custom="readingOrder {index:10;}">
                    <Coords points="3441,1168 3441,1228 3511,1228 3511,1168"/>
                    <TextEquiv>
                        <Unicode>situ</Unicode>
                    </TextEquiv>
                </Word>
                <Word id="rX9wI_2l10_w12" custom="readingOrder {index:11;}">
                    <Coords points="3543,1170 3543,1230 3671,1230 3671,1170"/>
                    <TextEquiv>
                        <Unicode>orbis,</Unicode>
                    </TextEquiv>
                </Word>
                <TextEquiv>
                    <Unicode>at about the same time as the Pomponius Mela, De situ orbis,</Unicode>
                </TextEquiv>
            </TextLine>
            <TextLine id="rX9wI_2l11" custom="readingOrder {index:10;}">
                <Coords points="2214,1266 3662,1278 3662,1231 3577,1218 2214,1232"/>
                <Baseline points="2222,1254 2293,1256 2365,1257 2436,1258 2508,1260 2580,1260 2651,1260 2723,1260 2794,1260 2866,1260 2938,1260 3009,1260 3081,1260 3152,1260 3224,1258 3296,1258 3367,1258 3439,1260 3510,1260 3582,1260 3654,1262"/>
                <Word id="rX9wI_2l11_w1" custom="readingOrder {index:0;}">
                    <Coords points="2215,1215 2215,1275 2346,1275 2346,1215"/>
                    <TextEquiv>
                        <Unicode>April,</Unicode>
                    </TextEquiv>
                </Word>
                <Word id="rX9wI_2l11_w2" custom="readingOrder {index:1;}">
                    <Coords points="2375,1217 2375,1277 2490,1277 2490,1217"/>
                    <TextEquiv>
                        <Unicode>1498,</Unicode>
                    </TextEquiv>
                </Word>
                <Word id="rX9wI_2l11_w3" custom="readingOrder {index:2;}">
                    <Coords points="2513,1220 2513,1280 2593,1280 2593,1220"/>
                    <TextEquiv>
                        <Unicode>from</Unicode>
                    </TextEquiv>
                </Word>
                <Word id="rX9wI_2l11_w4" custom="readingOrder {index:3;}">
                    <Coords points="2645,1220 2645,1280 2708,1280 2708,1220"/>
                    <TextEquiv>
                        <Unicode>the</Unicode>
                    </TextEquiv>
                </Word>
                <Word id="rX9wI_2l11_w5" custom="readingOrder {index:4;}">
                    <Coords points="2736,1220 2736,1280 2840,1280 2840,1220"/>
                    <TextEquiv>
                        <Unicode>same</Unicode>
                    </TextEquiv>
                </Word>
                <Word id="rX9wI_2l11_w6" custom="readingOrder {index:5;}">
                    <Coords points="2874,1220 2874,1280 2983,1280 2983,1220"/>
                    <TextEquiv>
                        <Unicode>press</Unicode>
                    </TextEquiv>
                </Word>
                <Word id="rX9wI_2l11_w7" custom="readingOrder {index:6;}">
                    <Coords points="3012,1220 3012,1280 3109,1280 3109,1220"/>
                    <TextEquiv>
                        <Unicode>(IA.</Unicode>
                    </TextEquiv>
                </Word>
                <Word id="rX9wI_2l11_w8" custom="readingOrder {index:7;}">
                    <Coords points="3132,1218 3132,1278 3253,1278 3253,1218"/>
                    <TextEquiv>
                        <Unicode>52835</Unicode>
                    </TextEquiv>
                </Word>
                <Word id="rX9wI_2l11_w9" custom="readingOrder {index:8;}">
                    <Coords points="3287,1218 3287,1278 3385,1278 3385,1218"/>
                    <TextEquiv>
                        <Unicode>(2)),</Unicode>
                    </TextEquiv>
                </Word>
                <Word id="rX9wI_2l11_w10" custom="readingOrder {index:9;}">
                    <Coords points="3408,1219 3408,1279 3436,1279 3436,1219"/>
                    <TextEquiv>
                        <Unicode>to</Unicode>
                    </TextEquiv>
                </Word>
                <Word id="rX9wI_2l11_w11" custom="readingOrder {index:10;}">
                    <Coords points="3470,1220 3470,1280 3597,1280 3597,1220"/>
                    <TextEquiv>
                        <Unicode>which</Unicode>
                    </TextEquiv>
                </Word>
                <Word id="rX9wI_2l11_w12" custom="readingOrder {index:11;}">
                    <Coords points="3631,1221 3631,1281 3659,1281 3659,1221"/>
                    <TextEquiv>
                        <Unicode>it</Unicode>
                    </TextEquiv>
                </Word>
                <TextEquiv>
                    <Unicode>April, 1498, from the same press (IA. 52835 (2)), to which it</Unicode>
                </TextEquiv>
            </TextLine>
            <TextLine id="rX9wI_2l12" custom="readingOrder {index:11;}">
                <Coords points="2224,1332 3660,1322 3660,1279 3400,1269 2224,1282"/>
                <Baseline points="2234,1306 2304,1307 2375,1308 2446,1308 2517,1310 2588,1310 2659,1310 2730,1310 2801,1310 2872,1310 2943,1310 3013,1308 3084,1308 3155,1308 3226,1308 3297,1308 3368,1308 3439,1308 3510,1310 3581,1310 3652,1310"/>
                <Word id="rX9wI_2l12_w1" custom="readingOrder {index:0;}">
                    <Coords points="2228,1266 2228,1326 2352,1326 2352,1266"/>
                    <TextEquiv>
                        <Unicode>serves</Unicode>
                    </TextEquiv>
                </Word>
                <Word id="rX9wI_2l12_w2" custom="readingOrder {index:1;}">
                    <Coords points="2376,1268 2376,1328 2414,1328 2414,1268"/>
                    <TextEquiv>
                        <Unicode>as</Unicode>
                    </TextEquiv>
                </Word>
                <Word id="rX9wI_2l12_w3" custom="readingOrder {index:2;}">
                    <Coords points="2439,1268 2439,1328 2477,1328 2477,1268"/>
                    <TextEquiv>
                        <Unicode>an</Unicode>
                    </TextEquiv>
                </Word>
                <Word id="rX9wI_2l12_w4" custom="readingOrder {index:3;}">
                    <Coords points="2510,1270 2510,1330 2797,1330 2797,1270"/>
                    <TextEquiv>
                        <Unicode>introduction,</Unicode>
                    </TextEquiv>
                </Word>
                <Word id="rX9wI_2l12_w5" custom="readingOrder {index:4;}">
                    <Coords points="2821,1270 2821,1330 2884,1330 2884,1270"/>
                    <TextEquiv>
                        <Unicode>and</Unicode>
                    </TextEquiv>
                </Word>
                <Word id="rX9wI_2l12_w6" custom="readingOrder {index:5;}">
                    <Coords points="2917,1270 2917,1330 2960,1330 2960,1270"/>
                    <TextEquiv>
                        <Unicode>by</Unicode>
                    </TextEquiv>
                </Word>
                <Word id="rX9wI_2l12_w7" custom="readingOrder {index:6;}">
                    <Coords points="2994,1268 2994,1328 3109,1328 3109,1268"/>
                    <TextEquiv>
                        <Unicode>which</Unicode>
                    </TextEquiv>
                </Word>
                <Word id="rX9wI_2l12_w8" custom="readingOrder {index:7;}">
                    <Coords points="3142,1268 3142,1328 3171,1328 3171,1268"/>
                    <TextEquiv>
                        <Unicode>it</Unicode>
                    </TextEquiv>
                </Word>
                <Word id="rX9wI_2l12_w9" custom="readingOrder {index:8;}">
                    <Coords points="3195,1268 3195,1328 3219,1328 3219,1268"/>
                    <TextEquiv>
                        <Unicode>is</Unicode>
                    </TextEquiv>
                </Word>
                <Word id="rX9wI_2l12_w10" custom="readingOrder {index:9;}">
                    <Coords points="3247,1268 3247,1328 3473,1328 3473,1268"/>
                    <TextEquiv>
                        <Unicode>sometimes</Unicode>
                    </TextEquiv>
                </Word>
                <Word id="rX9wI_2l12_w11" custom="readingOrder {index:10;}">
                    <Coords points="3502,1270 3502,1330 3655,1330 3655,1270"/>
                    <TextEquiv>
                        <Unicode>accom-</Unicode>
                    </TextEquiv>
                </Word>
                <TextEquiv>
                    <Unicode>serves as an introduction, and by which it is sometimes accom-</Unicode>
                </TextEquiv>
            </TextLine>
            <TextLine id="rX9wI_2l13" custom="readingOrder {index:12;}">
                <Coords points="2216,1386 3645,1374 3645,1327 3488,1318 2216,1335"/>
                <Baseline points="2226,1358 2296,1360 2367,1360 2437,1360 2508,1361 2578,1362 2649,1362 2719,1360 2790,1360 2860,1360 2931,1360 3001,1360 3072,1360 3142,1360 3213,1360 3283,1360 3354,1360 3424,1360 3495,1362 3565,1362 3636,1364"/>
                <Word id="rX9wI_2l13_w1" custom="readingOrder {index:0;}">
                    <Coords points="2222,1320 2222,1380 2379,1380 2379,1320"/>
                    <TextEquiv>
                        <Unicode>panied,</Unicode>
                    </TextEquiv>
                </Word>
                <Word id="rX9wI_2l13_w2" custom="readingOrder {index:1;}">
                    <Coords points="2396,1320 2396,1380 2429,1380 2429,1320"/>
                    <TextEquiv>
                        <Unicode>as</Unicode>
                    </TextEquiv>
                </Word>
                <Word id="rX9wI_2l13_w3" custom="readingOrder {index:2;}">
                    <Coords points="2451,1320 2451,1380 2478,1380 2478,1320"/>
                    <TextEquiv>
                        <Unicode>in</Unicode>
                    </TextEquiv>
                </Word>
                <Word id="rX9wI_2l13_w4" custom="readingOrder {index:3;}">
                    <Coords points="2510,1321 2510,1381 2570,1381 2570,1321"/>
                    <TextEquiv>
                        <Unicode>the</Unicode>
                    </TextEquiv>
                </Word>
                <Word id="rX9wI_2l13_w5" custom="readingOrder {index:4;}">
                    <Coords points="2597,1321 2597,1381 2761,1381 2761,1321"/>
                    <TextEquiv>
                        <Unicode>Museum</Unicode>
                    </TextEquiv>
                </Word>
                <Word id="rX9wI_2l13_w6" custom="readingOrder {index:5;}">
                    <Coords points="2810,1320 2810,1380 2924,1380 2924,1320"/>
                    <TextEquiv>
                        <Unicode>copy.</Unicode>
                    </TextEquiv>
                </Word>
                <Word id="rX9wI_2l13_w7" custom="readingOrder {index:6;}">
                    <Coords points="2957,1320 2957,1380 3039,1380 3039,1320"/>
                    <TextEquiv>
                        <Unicode>The</Unicode>
                    </TextEquiv>
                </Word>
                <Word id="rX9wI_2l13_w8" custom="readingOrder {index:7;}">
                    <Coords points="3066,1320 3066,1380 3262,1380 3262,1320"/>
                    <TextEquiv>
                        <Unicode>following</Unicode>
                    </TextEquiv>
                </Word>
                <Word id="rX9wI_2l13_w9" custom="readingOrder {index:8;}">
                    <Coords points="3289,1320 3289,1380 3414,1380 3414,1320"/>
                    <TextEquiv>
                        <Unicode>words</Unicode>
                    </TextEquiv>
                </Word>
                <Word id="rX9wI_2l13_w10" custom="readingOrder {index:9;}">
                    <Coords points="3436,1321 3436,1381 3513,1381 3513,1321"/>
                    <TextEquiv>
                        <Unicode>(22,</Unicode>
                    </TextEquiv>
                </Word>
                <Word id="rX9wI_2l13_w11" custom="readingOrder {index:10;}">
                    <Coords points="3529,1322 3529,1382 3567,1382 3567,1322"/>
                    <TextEquiv>
                        <Unicode>Il.</Unicode>
                    </TextEquiv>
                </Word>
                <Word id="rX9wI_2l13_w12" custom="readingOrder {index:11;}">
                    <Coords points="3583,1323 3583,1383 3648,1383 3648,1323"/>
                    <TextEquiv>
                        <Unicode>14-</Unicode>
                    </TextEquiv>
                </Word>
                <TextEquiv>
                    <Unicode>panied, as in the Museum copy. The following words (22, Il. 14-</Unicode>
                </TextEquiv>
            </TextLine>
            <TextLine id="rX9wI_2l14" custom="readingOrder {index:13;}">
                <Coords points="2217,1411 3660,1429 3660,1371 2217,1384"/>
                <Baseline points="2226,1412 2297,1412 2368,1412 2439,1412 2511,1412 2582,1412 2653,1412 2725,1412 2796,1412 2867,1412 2939,1412 3010,1410 3081,1410 3152,1410 3224,1410 3295,1410 3366,1410 3438,1412 3509,1412 3580,1412 3652,1412"/>
                <Word id="rX9wI_2l14_w1" custom="readingOrder {index:0;}">
                    <Coords points="2222,1372 2222,1432 2298,1432 2298,1372"/>
                    <TextEquiv>
                        <Unicode>17),</Unicode>
                    </TextEquiv>
                </Word>
                <Word id="rX9wI_2l14_w2" custom="readingOrder {index:1;}">
                    <Coords points="2318,1372 2318,1432 2517,1432 2517,1372"/>
                    <TextEquiv>
                        <Unicode>however,</Unicode>
                    </TextEquiv>
                </Word>
                <Word id="rX9wI_2l14_w3" custom="readingOrder {index:2;}">
                    <Coords points="2538,1372 2538,1432 2670,1432 2670,1372"/>
                    <TextEquiv>
                        <Unicode>might</Unicode>
                    </TextEquiv>
                </Word>
                <Word id="rX9wI_2l14_w4" custom="readingOrder {index:3;}">
                    <Coords points="2690,1372 2690,1432 2731,1432 2731,1372"/>
                    <TextEquiv>
                        <Unicode>be</Unicode>
                    </TextEquiv>
                </Word>
                <Word id="rX9wI_2l14_w5" custom="readingOrder {index:4;}">
                    <Coords points="2762,1372 2762,1432 2869,1432 2869,1372"/>
                    <TextEquiv>
                        <Unicode>taken</Unicode>
                    </TextEquiv>
                </Word>
                <Word id="rX9wI_2l14_w6" custom="readingOrder {index:5;}">
                    <Coords points="2905,1372 2905,1432 2935,1432 2935,1372"/>
                    <TextEquiv>
                        <Unicode>to</Unicode>
                    </TextEquiv>
                </Word>
                <Word id="rX9wI_2l14_w7" custom="readingOrder {index:6;}">
                    <Coords points="2966,1370 2966,1430 3093,1430 3093,1370"/>
                    <TextEquiv>
                        <Unicode>allude</Unicode>
                    </TextEquiv>
                </Word>
                <Word id="rX9wI_2l14_w8" custom="readingOrder {index:7;}">
                    <Coords points="3123,1370 3123,1430 3155,1430 3155,1370"/>
                    <TextEquiv>
                        <Unicode>to</Unicode>
                    </TextEquiv>
                </Word>
                <Word id="rX9wI_2l14_w9" custom="readingOrder {index:8;}">
                    <Coords points="3185,1370 3185,1430 3246,1430 3246,1370"/>
                    <TextEquiv>
                        <Unicode>the</Unicode>
                    </TextEquiv>
                </Word>
                <Word id="rX9wI_2l14_w10" custom="readingOrder {index:9;}">
                    <Coords points="3277,1370 3277,1430 3409,1430 3409,1370"/>
                    <TextEquiv>
                        <Unicode>Indian</Unicode>
                    </TextEquiv>
                </Word>
                <Word id="rX9wI_2l14_w11" custom="readingOrder {index:10;}">
                    <Coords points="3445,1372 3445,1432 3588,1432 3588,1372"/>
                    <TextEquiv>
                        <Unicode>voyage</Unicode>
                    </TextEquiv>
                </Word>
                <Word id="rX9wI_2l14_w12" custom="readingOrder {index:11;}">
                    <Coords points="3623,1372 3623,1432 3659,1432 3659,1372"/>
                    <TextEquiv>
                        <Unicode>of</Unicode>
                    </TextEquiv>
                </Word>
                <TextEquiv>
                    <Unicode>17), however, might be taken to allude to the Indian voyage of</Unicode>
                </TextEquiv>
            </TextLine>
            <TextLine id="rX9wI_2l15" custom="readingOrder {index:14;}">
                <Coords points="2233,1470 3671,1475 3653,1428 2233,1418"/>
                <Baseline points="2242,1456 2313,1458 2384,1460 2455,1462 2526,1462 2597,1462 2668,1464 2739,1464 2810,1464 2881,1463 2952,1462 3023,1462 3094,1462 3165,1462 3236,1462 3307,1462 3378,1462 3449,1463 3520,1464 3591,1466 3662,1468"/>
                <Word id="rX9wI_2l15_w1" custom="readingOrder {index:0;}">
                    <Coords points="2234,1417 2234,1477 2350,1477 2350,1417"/>
                    <TextEquiv>
                        <Unicode>Vasco</Unicode>
                    </TextEquiv>
                </Word>
                <Word id="rX9wI_2l15_w2" custom="readingOrder {index:1;}">
                    <Coords points="2380,1420 2380,1480 2420,1480 2420,1420"/>
                    <TextEquiv>
                        <Unicode>da</Unicode>
                    </TextEquiv>
                </Word>
                <Word id="rX9wI_2l15_w3" custom="readingOrder {index:2;}">
                    <Coords points="2449,1422 2449,1482 2595,1482 2595,1422"/>
                    <TextEquiv>
                        <Unicode>Gama,</Unicode>
                    </TextEquiv>
                </Word>
                <Word id="rX9wI_2l15_w4" custom="readingOrder {index:3;}">
                    <Coords points="2613,1423 2613,1483 2694,1483 2694,1423"/>
                    <TextEquiv>
                        <Unicode>who</Unicode>
                    </TextEquiv>
                </Word>
                <Word id="rX9wI_2l15_w5" custom="readingOrder {index:4;}">
                    <Coords points="2723,1423 2723,1483 2905,1483 2905,1423"/>
                    <TextEquiv>
                        <Unicode>returned</Unicode>
                    </TextEquiv>
                </Word>
                <Word id="rX9wI_2l15_w6" custom="readingOrder {index:5;}">
                    <Coords points="2934,1422 2934,1482 2969,1482 2969,1422"/>
                    <TextEquiv>
                        <Unicode>to</Unicode>
                    </TextEquiv>
                </Word>
                <Word id="rX9wI_2l15_w7" custom="readingOrder {index:6;}">
                    <Coords points="2998,1422 2998,1482 3185,1482 3185,1422"/>
                    <TextEquiv>
                        <Unicode>Portugal</Unicode>
                    </TextEquiv>
                </Word>
                <Word id="rX9wI_2l15_w8" custom="readingOrder {index:7;}">
                    <Coords points="3208,1422 3208,1482 3231,1482 3231,1422"/>
                    <TextEquiv>
                        <Unicode>in</Unicode>
                    </TextEquiv>
                </Word>
                <Word id="rX9wI_2l15_w9" custom="readingOrder {index:8;}">
                    <Coords points="3266,1422 3266,1482 3522,1482 3522,1422"/>
                    <TextEquiv>
                        <Unicode>September,</Unicode>
                    </TextEquiv>
                </Word>
                <Word id="rX9wI_2l15_w10" custom="readingOrder {index:9;}">
                    <Coords points="3546,1426 3546,1486 3668,1486 3668,1426"/>
                    <TextEquiv>
                        <Unicode>1499:</Unicode>
                    </TextEquiv>
                </Word>
                <TextEquiv>
                    <Unicode>Vasco da Gama, who returned to Portugal in September, 1499:</Unicode>
                </TextEquiv>
            </TextLine>
            <TextLine id="rX9wI_2l16" custom="readingOrder {index:15;}">
                <Coords points="2227,1518 3659,1538 3612,1477 2227,1471"/>
                <Baseline points="2236,1510 2306,1510 2377,1512 2448,1512 2518,1512 2589,1514 2660,1514 2730,1514 2801,1514 2872,1514 2943,1514 3013,1512 3084,1512 3155,1512 3225,1512 3296,1512 3367,1512 3437,1513 3508,1514 3579,1514 3650,1516"/>
                <Word id="rX9wI_2l16_w1" custom="readingOrder {index:0;}">
                    <Coords points="2227,1470 2227,1530 2279,1530 2279,1470"/>
                    <TextEquiv>
                        <Unicode>the</Unicode>
                    </TextEquiv>
                </Word>
                <Word id="rX9wI_2l16_w2" custom="readingOrder {index:1;}">
                    <Coords points="2310,1472 2310,1532 2522,1532 2522,1472"/>
                    <TextEquiv>
                        <Unicode>statement</Unicode>
                    </TextEquiv>
                </Word>
                <Word id="rX9wI_2l16_w3" custom="readingOrder {index:2;}">
                    <Coords points="2548,1473 2548,1533 2589,1533 2589,1473"/>
                    <TextEquiv>
                        <Unicode>of</Unicode>
                    </TextEquiv>
                </Word>
                <Word id="rX9wI_2l16_w4" custom="readingOrder {index:3;}">
                    <Coords points="2615,1474 2615,1534 2786,1534 2786,1474"/>
                    <TextEquiv>
                        <Unicode>Ptolemy</Unicode>
                    </TextEquiv>
                </Word>
                <Word id="rX9wI_2l16_w5" custom="readingOrder {index:4;}">
                    <Coords points="2817,1474 2817,1534 2906,1534 2906,1474"/>
                    <TextEquiv>
                        <Unicode>that</Unicode>
                    </TextEquiv>
                </Word>
                <Word id="rX9wI_2l16_w6" custom="readingOrder {index:5;}">
                    <Coords points="2927,1473 2927,1533 2989,1533 2989,1473"/>
                    <TextEquiv>
                        <Unicode>the</Unicode>
                    </TextEquiv>
                </Word>
                <Word id="rX9wI_2l16_w7" custom="readingOrder {index:6;}">
                    <Coords points="3020,1472 3020,1532 3150,1532 3150,1472"/>
                    <TextEquiv>
                        <Unicode>Indian</Unicode>
                    </TextEquiv>
                </Word>
                <Word id="rX9wI_2l16_w8" custom="readingOrder {index:7;}">
                    <Coords points="3186,1472 3186,1532 3311,1532 3311,1472"/>
                    <TextEquiv>
                        <Unicode>Ocean</Unicode>
                    </TextEquiv>
                </Word>
                <Word id="rX9wI_2l16_w9" custom="readingOrder {index:8;}">
                    <Coords points="3342,1472 3342,1532 3373,1532 3373,1472"/>
                    <TextEquiv>
                        <Unicode>is</Unicode>
                    </TextEquiv>
                </Word>
                <Word id="rX9wI_2l16_w10" custom="readingOrder {index:9;}">
                    <Coords points="3393,1473 3393,1533 3575,1533 3575,1473"/>
                    <TextEquiv>
                        <Unicode>enclosed</Unicode>
                    </TextEquiv>
                </Word>
                <Word id="rX9wI_2l16_w11" custom="readingOrder {index:10;}">
                    <Coords points="3606,1475 3606,1535 3647,1535 3647,1475"/>
                    <TextEquiv>
                        <Unicode>by</Unicode>
                    </TextEquiv>
                </Word>
                <TextEquiv>
                    <Unicode>the statement of Ptolemy that the Indian Ocean is enclosed by</Unicode>
                </TextEquiv>
            </TextLine>
            <TextLine id="rX9wI_2l17" custom="readingOrder {index:16;}">
                <Coords points="2216,1584 3662,1582 3662,1538 3578,1526 2216,1525"/>
                <Baseline points="2226,1562 2297,1562 2368,1562 2439,1564 2511,1564 2582,1564 2653,1564 2725,1564 2796,1564 2867,1564 2939,1562 3010,1562 3081,1562 3152,1562 3224,1562 3295,1562 3366,1563 3438,1564 3509,1564 3580,1566 3652,1566"/>
                <Word id="rX9wI_2l17_w1" custom="readingOrder {index:0;}">
                    <Coords points="2215,1522 2215,1582 2299,1582 2299,1522"/>
                    <TextEquiv>
                        <Unicode>land</Unicode>
                    </TextEquiv>
                </Word>
                <Word id="rX9wI_2l17_w2" custom="readingOrder {index:1;}">
                    <Coords points="2344,1522 2344,1582 2379,1582 2379,1522"/>
                    <TextEquiv>
                        <Unicode>is</Unicode>
                    </TextEquiv>
                </Word>
                <Word id="rX9wI_2l17_w3" custom="readingOrder {index:2;}">
                    <Coords points="2419,1524 2419,1584 2508,1584 2508,1524"/>
                    <TextEquiv>
                        <Unicode>here</Unicode>
                    </TextEquiv>
                </Word>
                <Word id="rX9wI_2l17_w4" custom="readingOrder {index:3;}">
                    <Coords points="2553,1524 2553,1584 2782,1584 2782,1524"/>
                    <TextEquiv>
                        <Unicode>considered</Unicode>
                    </TextEquiv>
                </Word>
                <Word id="rX9wI_2l17_w5" custom="readingOrder {index:4;}">
                    <Coords points="2831,1522 2831,1582 3030,1582 3030,1522"/>
                    <TextEquiv>
                        <Unicode>incorrect</Unicode>
                    </TextEquiv>
                </Word>
                <Word id="rX9wI_2l17_w6" custom="readingOrder {index:5;}">
                    <Coords points="3070,1522 3070,1582 3234,1582 3234,1522"/>
                    <TextEquiv>
                        <Unicode>because</Unicode>
                    </TextEquiv>
                </Word>
                <Word id="rX9wI_2l17_w7" custom="readingOrder {index:6;}">
                    <Coords points="3289,1522 3289,1582 3358,1582 3358,1522"/>
                    <TextEquiv>
                        <Unicode>'tum</Unicode>
                    </TextEquiv>
                </Word>
                <Word id="rX9wI_2l17_w8" custom="readingOrder {index:7;}">
                    <Coords points="3423,1524 3423,1584 3656,1584 3656,1524"/>
                    <TextEquiv>
                        <Unicode>auctoritate</Unicode>
                    </TextEquiv>
                </Word>
                <TextEquiv>
                    <Unicode>land is here considered incorrect because 'tum auctoritate</Unicode>
                </TextEquiv>
            </TextLine>
            <TextLine id="rX9wI_2l18" custom="readingOrder {index:17;}">
                <Coords points="2224,1638 3660,1634 3660,1587 3433,1578 2224,1585"/>
                <Baseline points="2234,1616 2304,1616 2375,1616 2446,1616 2517,1616 2588,1615 2659,1614 2730,1614 2801,1614 2872,1614 2943,1614 3013,1614 3084,1614 3155,1614 3226,1616 3297,1616 3368,1616 3439,1616 3510,1616 3581,1616 3652,1616"/>
                <Word id="rX9wI_2l18_w1" custom="readingOrder {index:0;}">
                    <Coords points="2229,1576 2229,1636 2436,1636 2436,1576"/>
                    <TextEquiv>
                        <Unicode>pomponij</Unicode>
                    </TextEquiv>
                </Word>
                <Word id="rX9wI_2l18_w2" custom="readingOrder {index:1;}">
                    <Coords points="2471,1575 2471,1635 2587,1635 2587,1575"/>
                    <TextEquiv>
                        <Unicode>Plinij</Unicode>
                    </TextEquiv>
                </Word>
                <Word id="rX9wI_2l18_w3" custom="readingOrder {index:2;}">
                    <Coords points="2617,1574 2617,1634 2800,1634 2800,1574"/>
                    <TextEquiv>
                        <Unicode>nepotis:</Unicode>
                    </TextEquiv>
                </Word>
                <Word id="rX9wI_2l18_w4" custom="readingOrder {index:3;}">
                    <Coords points="2830,1574 2830,1634 2896,1634 2896,1574"/>
                    <TextEquiv>
                        <Unicode>tum</Unicode>
                    </TextEquiv>
                </Word>
                <Word id="rX9wI_2l18_w5" custom="readingOrder {index:4;}">
                    <Coords points="2957,1574 2957,1634 3199,1634 3199,1574"/>
                    <TextEquiv>
                        <Unicode>lusitanorum</Unicode>
                    </TextEquiv>
                </Word>
                <Word id="rX9wI_2l18_w6" custom="readingOrder {index:5;}">
                    <Coords points="3260,1576 3260,1636 3507,1636 3507,1576"/>
                    <TextEquiv>
                        <Unicode>nauigatione</Unicode>
                    </TextEquiv>
                </Word>
                <Word id="rX9wI_2l18_w7" custom="readingOrder {index:6;}">
                    <Coords points="3553,1576 3553,1636 3659,1636 3659,1576"/>
                    <TextEquiv>
                        <Unicode>com¬</Unicode>
                    </TextEquiv>
                </Word>
                <TextEquiv>
                    <Unicode>pomponij Plinij nepotis: tum lusitanorum nauigatione com¬</Unicode>
                </TextEquiv>
            </TextLine>
            <TextLine id="rX9wI_2l19" custom="readingOrder {index:18;}">
                <Coords points="2221,1690 3678,1673 3678,1631 3533,1622 2222,1639"/>
                <Baseline points="2230,1666 2301,1666 2373,1666 2445,1666 2517,1666 2589,1666 2661,1666 2733,1666 2805,1666 2877,1666 2949,1666 3020,1666 3092,1666 3164,1666 3236,1666 3308,1667 3380,1668 3452,1668 3524,1668 3596,1669 3668,1670"/>
                <Word id="rX9wI_2l19_w1" custom="readingOrder {index:0;}">
                    <Coords points="2220,1626 2220,1686 2350,1686 2350,1626"/>
                    <TextEquiv>
                        <Unicode>pertum</Unicode>
                    </TextEquiv>
                </Word>
                <Word id="rX9wI_2l19_w2" custom="readingOrder {index:1;}">
                    <Coords points="2410,1626 2410,1686 2470,1686 2470,1626"/>
                    <TextEquiv>
                        <Unicode>est</Unicode>
                    </TextEquiv>
                </Word>
                <Word id="rX9wI_2l19_w3" custom="readingOrder {index:2;}">
                    <Coords points="2500,1626 2500,1686 2600,1686 2600,1626"/>
                    <TextEquiv>
                        <Unicode>quod</Unicode>
                    </TextEquiv>
                </Word>
                <Word id="rX9wI_2l19_w4" custom="readingOrder {index:3;}">
                    <Coords points="2639,1626 2639,1686 2679,1686 2679,1626"/>
                    <TextEquiv>
                        <Unicode>ex</Unicode>
                    </TextEquiv>
                </Word>
                <Word id="rX9wI_2l19_w5" custom="readingOrder {index:4;}">
                    <Coords points="2719,1626 2719,1686 2899,1686 2899,1626"/>
                    <TextEquiv>
                        <Unicode>atlantico</Unicode>
                    </TextEquiv>
                </Word>
                <Word id="rX9wI_2l19_w6" custom="readingOrder {index:5;}">
                    <Coords points="2938,1626 2938,1686 3043,1686 3043,1626"/>
                    <TextEquiv>
                        <Unicode>mari</Unicode>
                    </TextEquiv>
                </Word>
                <Word id="rX9wI_2l19_w7" custom="readingOrder {index:6;}">
                    <Coords points="3068,1626 3068,1686 3138,1686 3138,1626"/>
                    <TextEquiv>
                        <Unicode>per</Unicode>
                    </TextEquiv>
                </Word>
                <Word id="rX9wI_2l19_w8" custom="readingOrder {index:7;}">
                    <Coords points="3173,1626 3173,1686 3423,1686 3423,1626"/>
                    <TextEquiv>
                        <Unicode>aethiopicum</Unicode>
                    </TextEquiv>
                </Word>
                <Word id="rX9wI_2l19_w9" custom="readingOrder {index:8;}">
                    <Coords points="3483,1628 3483,1688 3588,1688 3588,1628"/>
                    <TextEquiv>
                        <Unicode>facile</Unicode>
                    </TextEquiv>
                </Word>
                <Word id="rX9wI_2l19_w10" custom="readingOrder {index:9;}">
                    <Coords points="3627,1629 3627,1689 3657,1689 3657,1629"/>
                    <TextEquiv>
                        <Unicode>in</Unicode>
                    </TextEquiv>
                </Word>
                <TextEquiv>
                    <Unicode>pertum est quod ex atlantico mari per aethiopicum facile in</Unicode>
                </TextEquiv>
            </TextLine>
            <TextLine id="rX9wI_2l20" custom="readingOrder {index:19;}">
                <Coords points="2225,1733 3650,1738 3650,1689 3569,1682 2225,1686"/>
                <Baseline points="2234,1714 2304,1716 2374,1718 2445,1718 2515,1718 2586,1718 2656,1718 2726,1718 2797,1718 2867,1718 2938,1718 3008,1718 3078,1718 3149,1718 3219,1718 3290,1718 3360,1718 3430,1718 3501,1720 3571,1720 3642,1722"/>
                <Word id="rX9wI_2l20_w1" custom="readingOrder {index:0;}">
                    <Coords points="2225,1676 2225,1736 2386,1736 2386,1676"/>
                    <TextEquiv>
                        <Unicode>persidis</Unicode>
                    </TextEquiv>
                </Word>
                <Word id="rX9wI_2l20_w2" custom="readingOrder {index:1;}">
                    <Coords points="2412,1678 2412,1738 2495,1738 2495,1678"/>
                    <TextEquiv>
                        <Unicode>oram</Unicode>
                    </TextEquiv>
                </Word>
                <Word id="rX9wI_2l20_w3" custom="readingOrder {index:2;}">
                    <Coords points="2541,1678 2541,1738 2848,1738 2848,1678"/>
                    <TextEquiv>
                        <Unicode>commerciorum</Unicode>
                    </TextEquiv>
                </Word>
                <Word id="rX9wI_2l20_w4" custom="readingOrder {index:3;}">
                    <Coords points="2900,1678 2900,1738 3015,1738 3015,1678"/>
                    <TextEquiv>
                        <Unicode>gratia</Unicode>
                    </TextEquiv>
                </Word>
                <Word id="rX9wI_2l20_w5" custom="readingOrder {index:4;}">
                    <Coords points="3046,1678 3046,1738 3322,1738 3322,1678"/>
                    <TextEquiv>
                        <Unicode>perueniunt'.</Unicode>
                    </TextEquiv>
                </Word>
                <Word id="rX9wI_2l20_w6" custom="readingOrder {index:5;}">
                    <Coords points="3358,1678 3358,1738 3451,1738 3451,1678"/>
                    <TextEquiv>
                        <Unicode>This</Unicode>
                    </TextEquiv>
                </Word>
                <Word id="rX9wI_2l20_w7" custom="readingOrder {index:6;}">
                    <Coords points="3477,1680 3477,1740 3660,1740 3660,1680"/>
                    <TextEquiv>
                        <Unicode>passage,</Unicode>
                    </TextEquiv>
                </Word>
                <TextEquiv>
                    <Unicode>persidis oram commerciorum gratia perueniunt'. This passage,</Unicode>
                </TextEquiv>
            </TextLine>
            <TextLine id="rX9wI_2l21" custom="readingOrder {index:20;}">
                <Coords points="2224,1777 3664,1786 3586,1732 2224,1733"/>
                <Baseline points="2234,1766 2305,1768 2376,1768 2447,1770 2518,1770 2589,1770 2660,1770 2731,1770 2802,1770 2873,1770 2945,1768 3016,1768 3087,1768 3158,1768 3229,1768 3300,1768 3371,1768 3442,1768 3513,1770 3584,1770 3656,1772"/>
                <Word id="rX9wI_2l21_w1" custom="readingOrder {index:0;}">
                    <Coords points="2224,1728 2224,1788 2416,1788 2416,1728"/>
                    <TextEquiv>
                        <Unicode>however,</Unicode>
                    </TextEquiv>
                </Word>
                <Word id="rX9wI_2l21_w2" custom="readingOrder {index:1;}">
                    <Coords points="2442,1730 2442,1790 2567,1790 2567,1730"/>
                    <TextEquiv>
                        <Unicode>might</Unicode>
                    </TextEquiv>
                </Word>
                <Word id="rX9wI_2l21_w3" custom="readingOrder {index:2;}">
                    <Coords points="2593,1730 2593,1790 2759,1790 2759,1730"/>
                    <TextEquiv>
                        <Unicode>perhaps</Unicode>
                    </TextEquiv>
                </Word>
                <Word id="rX9wI_2l21_w4" custom="readingOrder {index:3;}">
                    <Coords points="2785,1730 2785,1790 2904,1790 2904,1730"/>
                    <TextEquiv>
                        <Unicode>allude</Unicode>
                    </TextEquiv>
                </Word>
                <Word id="rX9wI_2l21_w5" custom="readingOrder {index:4;}">
                    <Coords points="2935,1728 2935,1788 3076,1788 3076,1728"/>
                    <TextEquiv>
                        <Unicode>merely</Unicode>
                    </TextEquiv>
                </Word>
                <Word id="rX9wI_2l21_w6" custom="readingOrder {index:5;}">
                    <Coords points="3107,1728 3107,1788 3138,1788 3138,1728"/>
                    <TextEquiv>
                        <Unicode>to</Unicode>
                    </TextEquiv>
                </Word>
                <Word id="rX9wI_2l21_w7" custom="readingOrder {index:6;}">
                    <Coords points="3169,1728 3169,1788 3227,1788 3227,1728"/>
                    <TextEquiv>
                        <Unicode>the</Unicode>
                    </TextEquiv>
                </Word>
                <Word id="rX9wI_2l21_w8" custom="readingOrder {index:7;}">
                    <Coords points="3258,1728 3258,1788 3398,1788 3398,1728"/>
                    <TextEquiv>
                        <Unicode>voyage</Unicode>
                    </TextEquiv>
                </Word>
                <Word id="rX9wI_2l21_w9" custom="readingOrder {index:8;}">
                    <Coords points="3429,1728 3429,1788 3465,1788 3465,1728"/>
                    <TextEquiv>
                        <Unicode>of</Unicode>
                    </TextEquiv>
                </Word>
                <Word id="rX9wI_2l21_w10" custom="readingOrder {index:9;}">
                    <Coords points="3491,1730 3491,1790 3652,1790 3652,1730"/>
                    <TextEquiv>
                        <Unicode>Bartho-</Unicode>
                    </TextEquiv>
                </Word>
                <TextEquiv>
                    <Unicode>however, might perhaps allude merely to the voyage of Bartho-</Unicode>
                </TextEquiv>
            </TextLine>
            <TextLine id="rX9wI_2l22" custom="readingOrder {index:21;}">
                <Coords points="2211,1823 3653,1846 3653,1794 3577,1781 2212,1781"/>
                <Baseline points="2220,1818 2291,1818 2362,1819 2433,1820 2504,1820 2576,1820 2647,1820 2718,1820 2789,1820 2860,1820 2932,1820 3003,1820 3074,1820 3145,1820 3216,1820 3288,1820 3359,1820 3430,1820 3501,1820 3572,1822 3644,1822"/>
                <Word id="rX9wI_2l22_w1" custom="readingOrder {index:0;}">
                    <Coords points="2216,1778 2216,1838 2339,1838 2339,1778"/>
                    <TextEquiv>
                        <Unicode>lomeu</Unicode>
                    </TextEquiv>
                </Word>
                <Word id="rX9wI_2l22_w2" custom="readingOrder {index:1;}">
                    <Coords points="2376,1779 2376,1839 2488,1839 2488,1779"/>
                    <TextEquiv>
                        <Unicode>Diaz,</Unicode>
                    </TextEquiv>
                </Word>
                <Word id="rX9wI_2l22_w3" custom="readingOrder {index:2;}">
                    <Coords points="2510,1780 2510,1840 2590,1840 2590,1780"/>
                    <TextEquiv>
                        <Unicode>who</Unicode>
                    </TextEquiv>
                </Word>
                <Word id="rX9wI_2l22_w4" custom="readingOrder {index:3;}">
                    <Coords points="2622,1780 2622,1840 2803,1840 2803,1780"/>
                    <TextEquiv>
                        <Unicode>returned</Unicode>
                    </TextEquiv>
                </Word>
                <Word id="rX9wI_2l22_w5" custom="readingOrder {index:4;}">
                    <Coords points="2835,1780 2835,1840 2867,1840 2867,1780"/>
                    <TextEquiv>
                        <Unicode>to</Unicode>
                    </TextEquiv>
                </Word>
                <Word id="rX9wI_2l22_w6" custom="readingOrder {index:5;}">
                    <Coords points="2899,1780 2899,1840 3043,1840 3043,1780"/>
                    <TextEquiv>
                        <Unicode>Lisbon</Unicode>
                    </TextEquiv>
                </Word>
                <Word id="rX9wI_2l22_w7" custom="readingOrder {index:6;}">
                    <Coords points="3075,1780 3075,1840 3107,1840 3107,1780"/>
                    <TextEquiv>
                        <Unicode>in</Unicode>
                    </TextEquiv>
                </Word>
                <Word id="rX9wI_2l22_w8" custom="readingOrder {index:7;}">
                    <Coords points="3145,1780 3145,1840 3390,1840 3390,1780"/>
                    <TextEquiv>
                        <Unicode>December,</Unicode>
                    </TextEquiv>
                </Word>
                <Word id="rX9wI_2l22_w9" custom="readingOrder {index:8;}">
                    <Coords points="3411,1780 3411,1840 3529,1840 3529,1780"/>
                    <TextEquiv>
                        <Unicode>1488.</Unicode>
                    </TextEquiv>
                </Word>
                <Word id="rX9wI_2l22_w10" custom="readingOrder {index:9;}">
                    <Coords points="3571,1782 3571,1842 3603,1842 3603,1782"/>
                    <TextEquiv>
                        <Unicode>In</Unicode>
                    </TextEquiv>
                </Word>
                <Word id="rX9wI_2l22_w11" custom="readingOrder {index:10;}">
                    <Coords points="3635,1782 3635,1842 3651,1842 3651,1782"/>
                    <TextEquiv>
                        <Unicode>a</Unicode>
                    </TextEquiv>
                </Word>
                <TextEquiv>
                    <Unicode>lomeu Diaz, who returned to Lisbon in December, 1488. In a</Unicode>
                </TextEquiv>
            </TextLine>
            <TextLine id="rX9wI_2l23" custom="readingOrder {index:22;}">
                <Coords points="2217,1886 3485,1900 3637,1893 3668,1843 2217,1833"/>
                <Baseline points="2226,1868 2297,1870 2369,1870 2440,1870 2512,1870 2584,1870 2655,1870 2727,1870 2798,1870 2870,1870 2942,1870 3013,1870 3085,1870 3156,1870 3228,1870 3300,1870 3371,1870 3443,1870 3514,1872 3586,1872 3658,1874"/>
                <Word id="rX9wI_2l23_w1" custom="readingOrder {index:0;}">
                    <Coords points="2221,1829 2221,1889 2371,1889 2371,1829"/>
                    <TextEquiv>
                        <Unicode>further</Unicode>
                    </TextEquiv>
                </Word>
                <Word id="rX9wI_2l23_w2" custom="readingOrder {index:1;}">
                    <Coords points="2401,1830 2401,1890 2560,1890 2560,1830"/>
                    <TextEquiv>
                        <Unicode>passage</Unicode>
                    </TextEquiv>
                </Word>
                <Word id="rX9wI_2l23_w3" custom="readingOrder {index:2;}">
                    <Coords points="2595,1830 2595,1890 2635,1890 2635,1830"/>
                    <TextEquiv>
                        <Unicode>on</Unicode>
                    </TextEquiv>
                </Word>
                <Word id="rX9wI_2l23_w4" custom="readingOrder {index:3;}">
                    <Coords points="2675,1830 2675,1890 2735,1890 2735,1830"/>
                    <TextEquiv>
                        <Unicode>the</Unicode>
                    </TextEquiv>
                </Word>
                <Word id="rX9wI_2l23_w5" custom="readingOrder {index:4;}">
                    <Coords points="2765,1830 2765,1890 2949,1890 2949,1830"/>
                    <TextEquiv>
                        <Unicode>southern</Unicode>
                    </TextEquiv>
                </Word>
                <Word id="rX9wI_2l23_w6" custom="readingOrder {index:5;}">
                    <Coords points="2989,1830 2989,1890 3199,1890 3199,1830"/>
                    <TextEquiv>
                        <Unicode>continent</Unicode>
                    </TextEquiv>
                </Word>
                <Word id="rX9wI_2l23_w7" custom="readingOrder {index:6;}">
                    <Coords points="3224,1830 3224,1890 3288,1890 3288,1830"/>
                    <TextEquiv>
                        <Unicode>the</Unicode>
                    </TextEquiv>
                </Word>
                <Word id="rX9wI_2l23_w8" custom="readingOrder {index:7;}">
                    <Coords points="3318,1830 3318,1890 3463,1890 3463,1830"/>
                    <TextEquiv>
                        <Unicode>author</Unicode>
                    </TextEquiv>
                </Word>
                <Word id="rX9wI_2l23_w9" custom="readingOrder {index:8;}">
                    <Coords points="3493,1832 3493,1892 3667,1892 3667,1832"/>
                    <TextEquiv>
                        <Unicode>predicts</Unicode>
                    </TextEquiv>
                </Word>
                <TextEquiv>
                    <Unicode>further passage on the southern continent the author predicts</Unicode>
                </TextEquiv>
            </TextLine>
            <TextLine id="rX9wI_2l24" custom="readingOrder {index:23;}">
                <Coords points="2208,1930 3673,1934 3590,1882 2208,1885"/>
                <Baseline points="2218,1922 2290,1922 2362,1922 2434,1922 2507,1922 2579,1922 2651,1922 2724,1922 2796,1922 2868,1922 2941,1922 3013,1922 3085,1922 3157,1922 3230,1922 3302,1922 3374,1922 3447,1922 3519,1922 3591,1922 3664,1924"/>
                <Word id="rX9wI_2l24_w1" custom="readingOrder {index:0;}">
                    <Coords points="2214,1882 2214,1942 2294,1942 2294,1882"/>
                    <TextEquiv>
                        <Unicode>(2°,</Unicode>
                    </TextEquiv>
                </Word>
                <Word id="rX9wI_2l24_w2" custom="readingOrder {index:1;}">
                    <Coords points="2316,1882 2316,1942 2359,1942 2359,1882"/>
                    <TextEquiv>
                        <Unicode>Il.</Unicode>
                    </TextEquiv>
                </Word>
                <Word id="rX9wI_2l24_w3" custom="readingOrder {index:2;}">
                    <Coords points="2391,1882 2391,1942 2536,1942 2536,1882"/>
                    <TextEquiv>
                        <Unicode>6-11):</Unicode>
                    </TextEquiv>
                </Word>
                <Word id="rX9wI_2l24_w4" custom="readingOrder {index:3;}">
                    <Coords points="2563,1882 2563,1942 2697,1942 2697,1882"/>
                    <TextEquiv>
                        <Unicode>'breui</Unicode>
                    </TextEquiv>
                </Word>
                <Word id="rX9wI_2l24_w5" custom="readingOrder {index:4;}">
                    <Coords points="2724,1882 2724,1942 2886,1942 2886,1882"/>
                    <TextEquiv>
                        <Unicode>futurum</Unicode>
                    </TextEquiv>
                </Word>
                <Word id="rX9wI_2l24_w6" custom="readingOrder {index:5;}">
                    <Coords points="2940,1882 2940,1942 2999,1942 2999,1882"/>
                    <TextEquiv>
                        <Unicode>est</Unicode>
                    </TextEquiv>
                </Word>
                <Word id="rX9wI_2l24_w7" custom="readingOrder {index:6;}">
                    <Coords points="3031,1882 3031,1942 3074,1942 3074,1882"/>
                    <TextEquiv>
                        <Unicode>ut</Unicode>
                    </TextEquiv>
                </Word>
                <Word id="rX9wI_2l24_w8" custom="readingOrder {index:7;}">
                    <Coords points="3106,1882 3106,1942 3219,1942 3219,1882"/>
                    <TextEquiv>
                        <Unicode>nobis</Unicode>
                    </TextEquiv>
                </Word>
                <Word id="rX9wI_2l24_w9" custom="readingOrder {index:8;}">
                    <Coords points="3251,1882 3251,1942 3365,1942 3365,1882"/>
                    <TextEquiv>
                        <Unicode>ueram</Unicode>
                    </TextEquiv>
                </Word>
                <Word id="rX9wI_2l24_w10" custom="readingOrder {index:9;}">
                    <Coords points="3424,1882 3424,1942 3521,1942 3521,1882"/>
                    <TextEquiv>
                        <Unicode>terre</Unicode>
                    </TextEquiv>
                </Word>
                <Word id="rX9wI_2l24_w11" custom="readingOrder {index:10;}">
                    <Coords points="3558,1882 3558,1942 3660,1942 3660,1882"/>
                    <TextEquiv>
                        <Unicode>illius</Unicode>
                    </TextEquiv>
                </Word>
                <TextEquiv>
                    <Unicode>(2°, Il. 6-11): 'breui futurum est ut nobis ueram terre illius</Unicode>
                </TextEquiv>
            </TextLine>
            <TextLine id="rX9wI_2l25" custom="readingOrder {index:24;}">
                <Coords points="2219,1992 3644,1990 3644,1941 3570,1933 2219,1945"/>
                <Baseline points="2228,1968 2298,1970 2368,1972 2439,1972 2509,1972 2580,1974 2650,1974 2720,1974 2791,1974 2861,1974 2932,1972 3002,1972 3072,1972 3143,1972 3213,1972 3284,1972 3354,1972 3424,1974 3495,1974 3565,1976 3636,1976"/>
                <Word id="rX9wI_2l25_w1" custom="readingOrder {index:0;}">
                    <Coords points="2223,1931 2223,1991 2504,1991 2504,1931"/>
                    <TextEquiv>
                        <Unicode>descriptionem</Unicode>
                    </TextEquiv>
                </Word>
                <Word id="rX9wI_2l25_w2" custom="readingOrder {index:1;}">
                    <Coords points="2559,1934 2559,1994 2751,1994 2751,1934"/>
                    <TextEquiv>
                        <Unicode>asserant,</Unicode>
                    </TextEquiv>
                </Word>
                <Word id="rX9wI_2l25_w3" custom="readingOrder {index:2;}">
                    <Coords points="2775,1934 2775,1994 2834,1994 2834,1934"/>
                    <TextEquiv>
                        <Unicode>tum</Unicode>
                    </TextEquiv>
                </Word>
                <Word id="rX9wI_2l25_w4" custom="readingOrder {index:3;}">
                    <Coords points="2889,1932 2889,1992 3086,1992 3086,1932"/>
                    <TextEquiv>
                        <Unicode>insularum</Unicode>
                    </TextEquiv>
                </Word>
                <Word id="rX9wI_2l25_w5" custom="readingOrder {index:4;}">
                    <Coords points="3140,1932 3140,1992 3200,1992 3200,1932"/>
                    <TextEquiv>
                        <Unicode>tum</Unicode>
                    </TextEquiv>
                </Word>
                <Word id="rX9wI_2l25_w6" custom="readingOrder {index:5;}">
                    <Coords points="3254,1932 3254,1992 3348,1992 3348,1932"/>
                    <TextEquiv>
                        <Unicode>etiam</Unicode>
                    </TextEquiv>
                </Word>
                <Word id="rX9wI_2l25_w7" custom="readingOrder {index:6;}">
                    <Coords points="3402,1934 3402,1994 3638,1994 3638,1934"/>
                    <TextEquiv>
                        <Unicode>continentis</Unicode>
                    </TextEquiv>
                </Word>
                <TextEquiv>
                    <Unicode>descriptionem asserant, tum insularum tum etiam continentis</Unicode>
                </TextEquiv>
            </TextLine>
            <TextLine id="rX9wI_2l26" custom="readingOrder {index:25;}">
                <Coords points="2208,2024 3659,2043 3659,1993 3513,1983 2209,1992"/>
                <Baseline points="2218,2020 2289,2020 2361,2022 2432,2024 2504,2024 2576,2024 2647,2024 2719,2024 2790,2024 2862,2024 2934,2024 3005,2024 3077,2024 3148,2022 3220,2022 3292,2022 3363,2024 3435,2024 3506,2024 3578,2026 3650,2028"/>
                <Word id="rX9wI_2l26_w1" custom="readingOrder {index:0;}">
                    <Coords points="2212,1980 2212,2040 2322,2040 2322,1980"/>
                    <TextEquiv>
                        <Unicode>cuius</Unicode>
                    </TextEquiv>
                </Word>
                <Word id="rX9wI_2l26_w2" custom="readingOrder {index:1;}">
                    <Coords points="2347,1983 2347,2043 2506,2043 2506,1983"/>
                    <TextEquiv>
                        <Unicode>magnam</Unicode>
                    </TextEquiv>
                </Word>
                <Word id="rX9wI_2l26_w3" custom="readingOrder {index:2;}">
                    <Coords points="2556,1984 2556,2044 2686,2044 2686,1984"/>
                    <TextEquiv>
                        <Unicode>partem</Unicode>
                    </TextEquiv>
                </Word>
                <Word id="rX9wI_2l26_w4" custom="readingOrder {index:3;}">
                    <Coords points="2731,1984 2731,2044 2816,2044 2816,1984"/>
                    <TextEquiv>
                        <Unicode>orae</Unicode>
                    </TextEquiv>
                </Word>
                <Word id="rX9wI_2l26_w5" custom="readingOrder {index:4;}">
                    <Coords points="2846,1984 2846,2044 3060,2044 3060,1984"/>
                    <TextEquiv>
                        <Unicode>maritimae</Unicode>
                    </TextEquiv>
                </Word>
                <Word id="rX9wI_2l26_w6" custom="readingOrder {index:5;}">
                    <Coords points="3090,1982 3090,2042 3224,2042 3224,1982"/>
                    <TextEquiv>
                        <Unicode>nautae</Unicode>
                    </TextEquiv>
                </Word>
                <Word id="rX9wI_2l26_w7" custom="readingOrder {index:6;}">
                    <Coords points="3254,1982 3254,2042 3369,2042 3369,1982"/>
                    <TextEquiv>
                        <Unicode>nobis</Unicode>
                    </TextEquiv>
                </Word>
                <Word id="rX9wI_2l26_w8" custom="readingOrder {index:7;}">
                    <Coords points="3394,1984 3394,2044 3663,2044 3663,1984"/>
                    <TextEquiv>
                        <Unicode>tradiderunt,</Unicode>
                    </TextEquiv>
                </Word>
                <TextEquiv>
                    <Unicode>cuius magnam partem orae maritimae nautae nobis tradiderunt,</Unicode>
                </TextEquiv>
            </TextLine>
            <TextLine id="rX9wI_2l27" custom="readingOrder {index:26;}">
                <Coords points="2226,2087 3669,2091 3669,2042 2226,2032"/>
                <Baseline points="2234,2072 2305,2074 2376,2074 2447,2074 2519,2076 2590,2076 2661,2076 2733,2076 2804,2076 2875,2076 2947,2074 3018,2074 3089,2074 3160,2074 3232,2074 3303,2074 3374,2076 3446,2076 3517,2076 3588,2078 3660,2078"/>
                <Word id="rX9wI_2l27_w1" custom="readingOrder {index:0;}">
                    <Coords points="2225,2032 2225,2092 2304,2092 2304,2032"/>
                    <TextEquiv>
                        <Unicode>illam</Unicode>
                    </TextEquiv>
                </Word>
                <Word id="rX9wI_2l27_w2" custom="readingOrder {index:1;}">
                    <Coords points="2363,2034 2363,2094 2531,2094 2531,2034"/>
                    <TextEquiv>
                        <Unicode>maxime</Unicode>
                    </TextEquiv>
                </Word>
                <Word id="rX9wI_2l27_w3" custom="readingOrder {index:2;}">
                    <Coords points="2571,2036 2571,2096 2645,2096 2645,2036"/>
                    <TextEquiv>
                        <Unicode>que</Unicode>
                    </TextEquiv>
                </Word>
                <Word id="rX9wI_2l27_w4" custom="readingOrder {index:3;}">
                    <Coords points="2689,2036 2689,2096 2725,2096 2725,2036"/>
                    <TextEquiv>
                        <Unicode>ex</Unicode>
                    </TextEquiv>
                </Word>
                <Word id="rX9wI_2l27_w5" custom="readingOrder {index:4;}">
                    <Coords points="2769,2036 2769,2096 2932,2096 2932,2036"/>
                    <TextEquiv>
                        <Unicode>aduerso</Unicode>
                    </TextEquiv>
                </Word>
                <Word id="rX9wI_2l27_w6" custom="readingOrder {index:5;}">
                    <Coords points="2976,2034 2976,2094 3174,2094 3174,2034"/>
                    <TextEquiv>
                        <Unicode>insularum</Unicode>
                    </TextEquiv>
                </Word>
                <Word id="rX9wI_2l27_w7" custom="readingOrder {index:6;}">
                    <Coords points="3234,2034 3234,2094 3362,2094 3362,2034"/>
                    <TextEquiv>
                        <Unicode>nuper</Unicode>
                    </TextEquiv>
                </Word>
                <Word id="rX9wI_2l27_w8" custom="readingOrder {index:7;}">
                    <Coords points="3397,2036 3397,2096 3634,2096 3634,2036"/>
                    <TextEquiv>
                        <Unicode>inuentarum</Unicode>
                    </TextEquiv>
                </Word>
                <TextEquiv>
                    <Unicode>illam maxime que ex aduerso insularum nuper inuentarum</Unicode>
                </TextEquiv>
            </TextLine>
            <TextLine id="rX9wI_2l28" custom="readingOrder {index:27;}">
                <Coords points="2232,2138 3644,2141 3644,2099 3491,2086 2232,2082"/>
                <Baseline points="2240,2122 2309,2122 2379,2124 2449,2124 2519,2124 2589,2126 2658,2126 2728,2126 2798,2126 2868,2124 2938,2124 3007,2124 3077,2124 3147,2124 3217,2124 3287,2124 3356,2124 3426,2126 3496,2126 3566,2128 3636,2128"/>
                <Word id="rX9wI_2l28_w1" custom="readingOrder {index:0;}">
                    <Coords points="2232,2082 2232,2142 2423,2142 2423,2082"/>
                    <TextEquiv>
                        <Unicode>(hispanam</Unicode>
                    </TextEquiv>
                </Word>
                <Word id="rX9wI_2l28_w2" custom="readingOrder {index:1;}">
                    <Coords points="2486,2084 2486,2144 2569,2144 2569,2084"/>
                    <TextEquiv>
                        <Unicode>dico</Unicode>
                    </TextEquiv>
                </Word>
                <Word id="rX9wI_2l28_w3" custom="readingOrder {index:2;}">
                    <Coords points="2610,2086 2610,2146 2776,2146 2776,2086"/>
                    <TextEquiv>
                        <Unicode>isabelam</Unicode>
                    </TextEquiv>
                </Word>
                <Word id="rX9wI_2l28_w4" custom="readingOrder {index:3;}">
                    <Coords points="2839,2084 2839,2144 3083,2144 3083,2084"/>
                    <TextEquiv>
                        <Unicode>reliquasque</Unicode>
                    </TextEquiv>
                </Word>
                <Word id="rX9wI_2l28_w5" custom="readingOrder {index:4;}">
                    <Coords points="3124,2084 3124,2144 3373,2144 3373,2084"/>
                    <TextEquiv>
                        <Unicode>adiacentes)</Unicode>
                    </TextEquiv>
                </Word>
                <Word id="rX9wI_2l28_w6" custom="readingOrder {index:5;}">
                    <Coords points="3404,2086 3404,2146 3528,2146 3528,2086"/>
                    <TextEquiv>
                        <Unicode>posita</Unicode>
                    </TextEquiv>
                </Word>
                <Word id="rX9wI_2l28_w7" custom="readingOrder {index:6;}">
                    <Coords points="3570,2088 3570,2148 3648,2148 3648,2088"/>
                    <TextEquiv>
                        <Unicode>est.</Unicode>
                    </TextEquiv>
                </Word>
                <TextEquiv>
                    <Unicode>(hispanam dico isabelam reliquasque adiacentes) posita est.</Unicode>
                </TextEquiv>
            </TextLine>
            <TextLine id="rX9wI_2l29" custom="readingOrder {index:28;}">
                <Coords points="2233,2188 3658,2189 3658,2135 2233,2139"/>
                <Baseline points="2242,2176 2312,2176 2382,2176 2453,2176 2523,2176 2594,2176 2664,2176 2734,2176 2805,2176 2875,2176 2946,2176 3016,2176 3086,2176 3157,2176 3227,2176 3298,2176 3368,2178 3438,2178 3509,2178 3579,2180 3650,2180"/>
                <Word id="rX9wI_2l29_w1" custom="readingOrder {index:0;}">
                    <Coords points="2233,2136 2233,2196 2320,2196 2320,2136"/>
                    <TextEquiv>
                        <Unicode>This</Unicode>
                    </TextEquiv>
                </Word>
                <Word id="rX9wI_2l29_w2" custom="readingOrder {index:1;}">
                    <Coords points="2352,2136 2352,2196 2481,2196 2481,2136"/>
                    <TextEquiv>
                        <Unicode>might</Unicode>
                    </TextEquiv>
                </Word>
                <Word id="rX9wI_2l29_w3" custom="readingOrder {index:2;}">
                    <Coords points="2502,2136 2502,2196 2585,2196 2585,2136"/>
                    <TextEquiv>
                        <Unicode>seem</Unicode>
                    </TextEquiv>
                </Word>
                <Word id="rX9wI_2l29_w4" custom="readingOrder {index:3;}">
                    <Coords points="2636,2136 2636,2196 2668,2196 2668,2136"/>
                    <TextEquiv>
                        <Unicode>to</Unicode>
                    </TextEquiv>
                </Word>
                <Word id="rX9wI_2l29_w5" custom="readingOrder {index:4;}">
                    <Coords points="2704,2136 2704,2196 2802,2196 2802,2136"/>
                    <TextEquiv>
                        <Unicode>refer</Unicode>
                    </TextEquiv>
                </Word>
                <Word id="rX9wI_2l29_w6" custom="readingOrder {index:5;}">
                    <Coords points="2833,2136 2833,2196 2864,2196 2864,2136"/>
                    <TextEquiv>
                        <Unicode>to</Unicode>
                    </TextEquiv>
                </Word>
                <Word id="rX9wI_2l29_w7" custom="readingOrder {index:6;}">
                    <Coords points="2896,2136 2896,2196 2958,2196 2958,2136"/>
                    <TextEquiv>
                        <Unicode>the</Unicode>
                    </TextEquiv>
                </Word>
                <Word id="rX9wI_2l29_w8" custom="readingOrder {index:7;}">
                    <Coords points="2994,2136 2994,2196 3191,2196 3191,2136"/>
                    <TextEquiv>
                        <Unicode>discovery</Unicode>
                    </TextEquiv>
                </Word>
                <Word id="rX9wI_2l29_w9" custom="readingOrder {index:8;}">
                    <Coords points="3227,2136 3227,2196 3268,2196 3268,2136"/>
                    <TextEquiv>
                        <Unicode>of</Unicode>
                    </TextEquiv>
                </Word>
                <Word id="rX9wI_2l29_w10" custom="readingOrder {index:9;}">
                    <Coords points="3289,2136 3289,2196 3351,2196 3351,2136"/>
                    <TextEquiv>
                        <Unicode>the</Unicode>
                    </TextEquiv>
                </Word>
                <Word id="rX9wI_2l29_w11" custom="readingOrder {index:10;}">
                    <Coords points="3382,2138 3382,2198 3579,2198 3579,2138"/>
                    <TextEquiv>
                        <Unicode>mainland</Unicode>
                    </TextEquiv>
                </Word>
                <Word id="rX9wI_2l29_w12" custom="readingOrder {index:11;}">
                    <Coords points="3615,2140 3615,2200 3657,2200 3657,2140"/>
                    <TextEquiv>
                        <Unicode>of</Unicode>
                    </TextEquiv>
                </Word>
                <TextEquiv>
                    <Unicode>This might seem to refer to the discovery of the mainland of</Unicode>
                </TextEquiv>
            </TextLine>
            <TextLine id="rX9wI_2l30" custom="readingOrder {index:29;}">
                <Coords points="2219,2236 3661,2247 3648,2189 2219,2185"/>
                <Baseline points="2228,2226 2299,2226 2370,2228 2441,2228 2512,2228 2584,2228 2655,2228 2726,2228 2797,2228 2868,2226 2940,2226 3011,2226 3082,2228 3153,2228 3224,2228 3296,2228 3367,2228 3438,2230 3509,2230 3580,2232 3652,2234"/>
                <Word id="rX9wI_2l30_w1" custom="readingOrder {index:0;}">
                    <Coords points="2225,2186 2225,2246 2342,2246 2342,2186"/>
                    <TextEquiv>
                        <Unicode>South</Unicode>
                    </TextEquiv>
                </Word>
                <Word id="rX9wI_2l30_w2" custom="readingOrder {index:1;}">
                    <Coords points="2376,2188 2376,2248 2560,2248 2560,2188"/>
                    <TextEquiv>
                        <Unicode>America</Unicode>
                    </TextEquiv>
                </Word>
                <Word id="rX9wI_2l30_w3" custom="readingOrder {index:2;}">
                    <Coords points="2593,2188 2593,2248 2638,2248 2638,2188"/>
                    <TextEquiv>
                        <Unicode>by</Unicode>
                    </TextEquiv>
                </Word>
                <Word id="rX9wI_2l30_w4" custom="readingOrder {index:3;}">
                    <Coords points="2671,2188 2671,2248 2895,2248 2895,2188"/>
                    <TextEquiv>
                        <Unicode>Columbus</Unicode>
                    </TextEquiv>
                </Word>
                <Word id="rX9wI_2l30_w5" custom="readingOrder {index:4;}">
                    <Coords points="2928,2186 2928,2246 2972,2246 2972,2186"/>
                    <TextEquiv>
                        <Unicode>on</Unicode>
                    </TextEquiv>
                </Word>
                <Word id="rX9wI_2l30_w6" custom="readingOrder {index:5;}">
                    <Coords points="3006,2186 3006,2246 3068,2246 3068,2186"/>
                    <TextEquiv>
                        <Unicode>his</Unicode>
                    </TextEquiv>
                </Word>
                <Word id="rX9wI_2l30_w7" custom="readingOrder {index:6;}">
                    <Coords points="3101,2188 3101,2248 3196,2248 3196,2188"/>
                    <TextEquiv>
                        <Unicode>third</Unicode>
                    </TextEquiv>
                </Word>
                <Word id="rX9wI_2l30_w8" custom="readingOrder {index:7;}">
                    <Coords points="3235,2188 3235,2248 3380,2248 3380,2188"/>
                    <TextEquiv>
                        <Unicode>voyage</Unicode>
                    </TextEquiv>
                </Word>
                <Word id="rX9wI_2l30_w9" custom="readingOrder {index:8;}">
                    <Coords points="3414,2189 3414,2249 3447,2249 3447,2189"/>
                    <TextEquiv>
                        <Unicode>in</Unicode>
                    </TextEquiv>
                </Word>
                <Word id="rX9wI_2l30_w10" custom="readingOrder {index:9;}">
                    <Coords points="3480,2191 3480,2251 3659,2251 3659,2191"/>
                    <TextEquiv>
                        <Unicode>August,</Unicode>
                    </TextEquiv>
                </Word>
                <TextEquiv>
                    <Unicode>South America by Columbus on his third voyage in August,</Unicode>
                </TextEquiv>
            </TextLine>
            <TextLine id="rX9wI_2l31" custom="readingOrder {index:30;}">
                <Coords points="2227,2289 3658,2296 3658,2251 3470,2234 2227,2251"/>
                <Baseline points="2236,2278 2306,2278 2377,2280 2447,2280 2518,2280 2589,2280 2659,2279 2730,2278 2800,2278 2871,2278 2942,2278 3012,2278 3083,2278 3153,2278 3224,2278 3295,2278 3365,2278 3436,2280 3506,2280 3577,2282 3648,2282"/>
                <Word id="rX9wI_2l31_w1" custom="readingOrder {index:0;}">
                    <Coords points="2227,2238 2227,2298 2343,2298 2343,2238"/>
                    <TextEquiv>
                        <Unicode>1498,</Unicode>
                    </TextEquiv>
                </Word>
                <Word id="rX9wI_2l31_w2" custom="readingOrder {index:1;}">
                    <Coords points="2358,2240 2358,2300 2465,2300 2465,2240"/>
                    <TextEquiv>
                        <Unicode>made</Unicode>
                    </TextEquiv>
                </Word>
                <Word id="rX9wI_2l31_w3" custom="readingOrder {index:2;}">
                    <Coords points="2495,2240 2495,2300 2627,2300 2627,2240"/>
                    <TextEquiv>
                        <Unicode>known</Unicode>
                    </TextEquiv>
                </Word>
                <Word id="rX9wI_2l31_w4" custom="readingOrder {index:3;}">
                    <Coords points="2663,2238 2663,2298 2698,2298 2698,2238"/>
                    <TextEquiv>
                        <Unicode>on</Unicode>
                    </TextEquiv>
                </Word>
                <Word id="rX9wI_2l31_w5" custom="readingOrder {index:4;}">
                    <Coords points="2734,2238 2734,2298 2790,2298 2790,2238"/>
                    <TextEquiv>
                        <Unicode>his</Unicode>
                    </TextEquiv>
                </Word>
                <Word id="rX9wI_2l31_w6" custom="readingOrder {index:5;}">
                    <Coords points="2815,2238 2815,2298 2937,2298 2937,2238"/>
                    <TextEquiv>
                        <Unicode>return</Unicode>
                    </TextEquiv>
                </Word>
                <Word id="rX9wI_2l31_w7" custom="readingOrder {index:6;}">
                    <Coords points="2972,2238 2972,2298 2998,2298 2998,2238"/>
                    <TextEquiv>
                        <Unicode>in</Unicode>
                    </TextEquiv>
                </Word>
                <Word id="rX9wI_2l31_w8" custom="readingOrder {index:7;}">
                    <Coords points="3033,2238 3033,2298 3277,2298 3277,2238"/>
                    <TextEquiv>
                        <Unicode>December,</Unicode>
                    </TextEquiv>
                </Word>
                <Word id="rX9wI_2l31_w9" custom="readingOrder {index:8;}">
                    <Coords points="3297,2238 3297,2298 3413,2298 3413,2238"/>
                    <TextEquiv>
                        <Unicode>1500.</Unicode>
                    </TextEquiv>
                </Word>
                <Word id="rX9wI_2l31_w10" custom="readingOrder {index:9;}">
                    <Coords points="3444,2241 3444,2301 3662,2301 3662,2241"/>
                    <TextEquiv>
                        <Unicode>However,</Unicode>
                    </TextEquiv>
                </Word>
                <TextEquiv>
                    <Unicode>1498, made known on his return in December, 1500. However,</Unicode>
                </TextEquiv>
            </TextLine>
            <TextLine id="rX9wI_2l32" custom="readingOrder {index:31;}">
                <Coords points="2217,2343 3655,2345 3630,2294 2217,2299"/>
                <Baseline points="2226,2328 2297,2328 2368,2330 2439,2330 2510,2330 2581,2330 2652,2330 2723,2330 2794,2330 2865,2330 2936,2330 3007,2330 3078,2330 3149,2330 3220,2330 3291,2330 3362,2330 3433,2330 3504,2332 3575,2332 3646,2334"/>
                <Word id="rX9wI_2l32_w1" custom="readingOrder {index:0;}">
                    <Coords points="2222,2288 2222,2348 2277,2348 2277,2288"/>
                    <TextEquiv>
                        <Unicode>the</Unicode>
                    </TextEquiv>
                </Word>
                <Word id="rX9wI_2l32_w2" custom="readingOrder {index:1;}">
                    <Coords points="2307,2290 2307,2350 2459,2350 2459,2290"/>
                    <TextEquiv>
                        <Unicode>passage</Unicode>
                    </TextEquiv>
                </Word>
                <Word id="rX9wI_2l32_w3" custom="readingOrder {index:2;}">
                    <Coords points="2490,2290 2490,2350 2657,2350 2657,2290"/>
                    <TextEquiv>
                        <Unicode>perhaps</Unicode>
                    </TextEquiv>
                </Word>
                <Word id="rX9wI_2l32_w4" custom="readingOrder {index:3;}">
                    <Coords points="2677,2290 2677,2350 2809,2350 2809,2290"/>
                    <TextEquiv>
                        <Unicode>rather</Unicode>
                    </TextEquiv>
                </Word>
                <Word id="rX9wI_2l32_w5" custom="readingOrder {index:4;}">
                    <Coords points="2829,2290 2829,2350 2976,2350 2976,2290"/>
                    <TextEquiv>
                        <Unicode>alludes</Unicode>
                    </TextEquiv>
                </Word>
                <Word id="rX9wI_2l32_w6" custom="readingOrder {index:5;}">
                    <Coords points="3001,2290 3001,2350 3031,2350 3031,2290"/>
                    <TextEquiv>
                        <Unicode>to</Unicode>
                    </TextEquiv>
                </Word>
                <Word id="rX9wI_2l32_w7" custom="readingOrder {index:6;}">
                    <Coords points="3062,2290 3062,2350 3320,2350 3320,2290"/>
                    <TextEquiv>
                        <Unicode>Columbus's</Unicode>
                    </TextEquiv>
                </Word>
                <Word id="rX9wI_2l32_w8" custom="readingOrder {index:7;}">
                    <Coords points="3345,2290 3345,2350 3583,2350 3583,2290"/>
                    <TextEquiv>
                        <Unicode>exploration</Unicode>
                    </TextEquiv>
                </Word>
                <Word id="rX9wI_2l32_w9" custom="readingOrder {index:8;}">
                    <Coords points="3613,2293 3613,2353 3654,2353 3654,2293"/>
                    <TextEquiv>
                        <Unicode>of</Unicode>
                    </TextEquiv>
                </Word>
                <TextEquiv>
                    <Unicode>the passage perhaps rather alludes to Columbus's exploration of</Unicode>
                </TextEquiv>
            </TextLine>
            <TextLine id="rX9wI_2l33" custom="readingOrder {index:32;}">
                <Coords points="2208,2396 3664,2410 3664,2356 3589,2341 2208,2345"/>
                <Baseline points="2216,2378 2287,2378 2359,2380 2431,2380 2503,2380 2575,2382 2647,2382 2719,2382 2791,2381 2863,2380 2935,2380 3006,2380 3078,2380 3150,2380 3222,2380 3294,2380 3366,2380 3438,2380 3510,2382 3582,2382 3654,2384"/>
                <Word id="rX9wI_2l33_w1" custom="readingOrder {index:0;}">
                    <Coords points="2208,2338 2208,2398 2270,2398 2270,2338"/>
                    <TextEquiv>
                        <Unicode>the</Unicode>
                    </TextEquiv>
                </Word>
                <Word id="rX9wI_2l33_w2" custom="readingOrder {index:1;}">
                    <Coords points="2307,2340 2307,2400 2417,2400 2417,2340"/>
                    <TextEquiv>
                        <Unicode>coast</Unicode>
                    </TextEquiv>
                </Word>
                <Word id="rX9wI_2l33_w3" custom="readingOrder {index:2;}">
                    <Coords points="2443,2340 2443,2400 2485,2400 2485,2340"/>
                    <TextEquiv>
                        <Unicode>of</Unicode>
                    </TextEquiv>
                </Word>
                <Word id="rX9wI_2l33_w4" custom="readingOrder {index:3;}">
                    <Coords points="2517,2341 2517,2401 2627,2401 2627,2341"/>
                    <TextEquiv>
                        <Unicode>Cuba</Unicode>
                    </TextEquiv>
                </Word>
                <Word id="rX9wI_2l33_w5" custom="readingOrder {index:4;}">
                    <Coords points="2663,2342 2663,2402 2694,2402 2694,2342"/>
                    <TextEquiv>
                        <Unicode>in</Unicode>
                    </TextEquiv>
                </Word>
                <Word id="rX9wI_2l33_w6" custom="readingOrder {index:5;}">
                    <Coords points="2737,2341 2737,2401 2830,2401 2830,2341"/>
                    <TextEquiv>
                        <Unicode>1494</Unicode>
                    </TextEquiv>
                </Word>
                <Word id="rX9wI_2l33_w7" custom="readingOrder {index:6;}">
                    <Coords points="2867,2340 2867,2400 2992,2400 2992,2340"/>
                    <TextEquiv>
                        <Unicode>(when</Unicode>
                    </TextEquiv>
                </Word>
                <Word id="rX9wI_2l33_w8" custom="readingOrder {index:7;}">
                    <Coords points="3035,2340 3035,2400 3076,2400 3076,2340"/>
                    <TextEquiv>
                        <Unicode>on</Unicode>
                    </TextEquiv>
                </Word>
                <Word id="rX9wI_2l33_w9" custom="readingOrder {index:8;}">
                    <Coords points="3118,2340 3118,2400 3160,2400 3160,2340"/>
                    <TextEquiv>
                        <Unicode>12</Unicode>
                    </TextEquiv>
                </Word>
                <Word id="rX9wI_2l33_w10" custom="readingOrder {index:9;}">
                    <Coords points="3197,2340 3197,2400 3291,2400 3291,2340"/>
                    <TextEquiv>
                        <Unicode>June</Unicode>
                    </TextEquiv>
                </Word>
                <Word id="rX9wI_2l33_w11" custom="readingOrder {index:10;}">
                    <Coords points="3328,2340 3328,2400 3375,2400 3375,2340"/>
                    <TextEquiv>
                        <Unicode>he</Unicode>
                    </TextEquiv>
                </Word>
                <Word id="rX9wI_2l33_w12" custom="readingOrder {index:11;}">
                    <Coords points="3412,2341 3412,2401 3595,2401 3595,2341"/>
                    <TextEquiv>
                        <Unicode>executed</Unicode>
                    </TextEquiv>
                </Word>
                <Word id="rX9wI_2l33_w13" custom="readingOrder {index:12;}">
                    <Coords points="3636,2343 3636,2403 3652,2403 3652,2343"/>
                    <TextEquiv>
                        <Unicode>a</Unicode>
                    </TextEquiv>
                </Word>
                <TextEquiv>
                    <Unicode>the coast of Cuba in 1494 (when on 12 June he executed a</Unicode>
                </TextEquiv>
            </TextLine>
            <TextLine id="rX9wI_2l34" custom="readingOrder {index:33;}">
                <Coords points="2225,2451 3659,2445 3619,2387 2225,2403"/>
                <Baseline points="2234,2430 2304,2430 2375,2430 2446,2432 2517,2432 2588,2432 2658,2432 2729,2432 2800,2432 2871,2432 2942,2430 3012,2430 3083,2430 3154,2430 3225,2430 3296,2432 3366,2432 3437,2432 3508,2433 3579,2434 3650,2436"/>
                <Word id="rX9wI_2l34_w1" custom="readingOrder {index:0;}">
                    <Coords points="2225,2390 2225,2450 2386,2450 2386,2390"/>
                    <TextEquiv>
                        <Unicode>notarial</Unicode>
                    </TextEquiv>
                </Word>
                <Word id="rX9wI_2l34_w2" custom="readingOrder {index:1;}">
                    <Coords points="2412,2392 2412,2452 2642,2452 2642,2392"/>
                    <TextEquiv>
                        <Unicode>declaration</Unicode>
                    </TextEquiv>
                </Word>
                <Word id="rX9wI_2l34_w3" custom="readingOrder {index:2;}">
                    <Coords points="2678,2392 2678,2452 2762,2452 2762,2392"/>
                    <TextEquiv>
                        <Unicode>that</Unicode>
                    </TextEquiv>
                </Word>
                <Word id="rX9wI_2l34_w4" custom="readingOrder {index:3;}">
                    <Coords points="2788,2392 2788,2452 2860,2452 2860,2392"/>
                    <TextEquiv>
                        <Unicode>this</Unicode>
                    </TextEquiv>
                </Word>
                <Word id="rX9wI_2l34_w5" custom="readingOrder {index:4;}">
                    <Coords points="2892,2390 2892,2450 2965,2450 2965,2390"/>
                    <TextEquiv>
                        <Unicode>was</Unicode>
                    </TextEquiv>
                </Word>
                <Word id="rX9wI_2l34_w6" custom="readingOrder {index:5;}">
                    <Coords points="2996,2390 2996,2450 3246,2450 3246,2390"/>
                    <TextEquiv>
                        <Unicode>continental</Unicode>
                    </TextEquiv>
                </Word>
                <Word id="rX9wI_2l34_w7" custom="readingOrder {index:6;}">
                    <Coords points="3267,2392 3267,2452 3397,2452 3397,2392"/>
                    <TextEquiv>
                        <Unicode>land).</Unicode>
                    </TextEquiv>
                </Word>
                <Word id="rX9wI_2l34_w8" custom="readingOrder {index:7;}">
                    <Coords points="3434,2392 3434,2452 3470,2452 3470,2392"/>
                    <TextEquiv>
                        <Unicode>It</Unicode>
                    </TextEquiv>
                </Word>
                <Word id="rX9wI_2l34_w9" custom="readingOrder {index:8;}">
                    <Coords points="3496,2393 3496,2453 3580,2453 3580,2393"/>
                    <TextEquiv>
                        <Unicode>may</Unicode>
                    </TextEquiv>
                </Word>
                <Word id="rX9wI_2l34_w10" custom="readingOrder {index:9;}">
                    <Coords points="3611,2395 3611,2455 3652,2455 3652,2395"/>
                    <TextEquiv>
                        <Unicode>be</Unicode>
                    </TextEquiv>
                </Word>
                <TextEquiv>
                    <Unicode>notarial declaration that this was continental land). It may be</Unicode>
                </TextEquiv>
            </TextLine>
            <TextLine id="rX9wI_2l35" custom="readingOrder {index:34;}">
                <Coords points="2217,2499 3651,2496 3599,2441 3409,2436 2217,2461"/>
                <Baseline points="2226,2480 2296,2482 2367,2482 2438,2482 2509,2483 2580,2484 2650,2484 2721,2484 2792,2484 2863,2484 2934,2483 3004,2482 3075,2482 3146,2482 3217,2482 3288,2482 3358,2482 3429,2482 3500,2484 3571,2484 3642,2484"/>
                <Word id="rX9wI_2l35_w1" custom="readingOrder {index:0;}">
                    <Coords points="2222,2442 2222,2502 2434,2502 2434,2442"/>
                    <TextEquiv>
                        <Unicode>concluded</Unicode>
                    </TextEquiv>
                </Word>
                <Word id="rX9wI_2l35_w2" custom="readingOrder {index:1;}">
                    <Coords points="2464,2442 2464,2502 2549,2502 2549,2442"/>
                    <TextEquiv>
                        <Unicode>that</Unicode>
                    </TextEquiv>
                </Word>
                <Word id="rX9wI_2l35_w3" custom="readingOrder {index:2;}">
                    <Coords points="2570,2444 2570,2504 2721,2504 2721,2444"/>
                    <TextEquiv>
                        <Unicode>neither</Unicode>
                    </TextEquiv>
                </Word>
                <Word id="rX9wI_2l35_w4" custom="readingOrder {index:3;}">
                    <Coords points="2746,2444 2746,2504 2898,2504 2898,2444"/>
                    <TextEquiv>
                        <Unicode>passage</Unicode>
                    </TextEquiv>
                </Word>
                <Word id="rX9wI_2l35_w5" custom="readingOrder {index:4;}">
                    <Coords points="2928,2442 2928,2502 3100,2502 3100,2442"/>
                    <TextEquiv>
                        <Unicode>supplies</Unicode>
                    </TextEquiv>
                </Word>
                <Word id="rX9wI_2l35_w6" custom="readingOrder {index:5;}">
                    <Coords points="3125,2442 3125,2502 3140,2502 3140,2442"/>
                    <TextEquiv>
                        <Unicode>a</Unicode>
                    </TextEquiv>
                </Word>
                <Word id="rX9wI_2l35_w7" custom="readingOrder {index:6;}">
                    <Coords points="3166,2442 3166,2502 3317,2502 3317,2442"/>
                    <TextEquiv>
                        <Unicode>reliable</Unicode>
                    </TextEquiv>
                </Word>
                <Word id="rX9wI_2l35_w8" custom="readingOrder {index:7;}">
                    <Coords points="3347,2442 3347,2502 3539,2502 3539,2442"/>
                    <TextEquiv>
                        <Unicode>terminus</Unicode>
                    </TextEquiv>
                </Word>
                <Word id="rX9wI_2l35_w9" custom="readingOrder {index:8;}">
                    <Coords points="3564,2444 3564,2504 3650,2504 3650,2444"/>
                    <TextEquiv>
                        <Unicode>post</Unicode>
                    </TextEquiv>
                </Word>
                <TextEquiv>
                    <Unicode>concluded that neither passage supplies a reliable terminus post</Unicode>
                </TextEquiv>
            </TextLine>
            <TextLine id="rX9wI_2l36" custom="readingOrder {index:35;}">
                <Coords points="2211,2540 3665,2544 3665,2497 2211,2499"/>
                <Baseline points="2220,2530 2291,2530 2363,2532 2435,2533 2507,2534 2579,2534 2650,2534 2722,2534 2794,2534 2866,2534 2938,2534 3009,2534 3081,2534 3153,2534 3225,2534 3297,2534 3368,2534 3440,2534 3512,2536 3584,2536 3656,2538"/>
                <Word id="rX9wI_2l36_w1" custom="readingOrder {index:0;}">
                    <Coords points="2216,2490 2216,2550 2307,2550 2307,2490"/>
                    <TextEquiv>
                        <Unicode>quem</Unicode>
                    </TextEquiv>
                </Word>
                <Word id="rX9wI_2l36_w2" custom="readingOrder {index:1;}">
                    <Coords points="2360,2492 2360,2552 2419,2552 2419,2492"/>
                    <TextEquiv>
                        <Unicode>for</Unicode>
                    </TextEquiv>
                </Word>
                <Word id="rX9wI_2l36_w3" custom="readingOrder {index:2;}">
                    <Coords points="2441,2493 2441,2553 2504,2553 2504,2493"/>
                    <TextEquiv>
                        <Unicode>the</Unicode>
                    </TextEquiv>
                </Word>
                <Word id="rX9wI_2l36_w4" custom="readingOrder {index:3;}">
                    <Coords points="2531,2494 2531,2554 2617,2554 2617,2494"/>
                    <TextEquiv>
                        <Unicode>date</Unicode>
                    </TextEquiv>
                </Word>
                <Word id="rX9wI_2l36_w5" custom="readingOrder {index:4;}">
                    <Coords points="2649,2494 2649,2554 2686,2554 2686,2494"/>
                    <TextEquiv>
                        <Unicode>of</Unicode>
                    </TextEquiv>
                </Word>
                <Word id="rX9wI_2l36_w6" custom="readingOrder {index:5;}">
                    <Coords points="2707,2494 2707,2554 2905,2554 2905,2494"/>
                    <TextEquiv>
                        <Unicode>printing,</Unicode>
                    </TextEquiv>
                </Word>
                <Word id="rX9wI_2l36_w7" custom="readingOrder {index:6;}">
                    <Coords points="2926,2494 2926,2554 2991,2554 2991,2494"/>
                    <TextEquiv>
                        <Unicode>and</Unicode>
                    </TextEquiv>
                </Word>
                <Word id="rX9wI_2l36_w8" custom="readingOrder {index:7;}">
                    <Coords points="3023,2494 3023,2554 3081,2554 3081,2494"/>
                    <TextEquiv>
                        <Unicode>the</Unicode>
                    </TextEquiv>
                </Word>
                <Word id="rX9wI_2l36_w9" custom="readingOrder {index:8;}">
                    <Coords points="3113,2494 3113,2554 3349,2554 3349,2494"/>
                    <TextEquiv>
                        <Unicode>probability</Unicode>
                    </TextEquiv>
                </Word>
                <Word id="rX9wI_2l36_w10" custom="readingOrder {index:9;}">
                    <Coords points="3380,2494 3380,2554 3546,2554 3546,2494"/>
                    <TextEquiv>
                        <Unicode>remains</Unicode>
                    </TextEquiv>
                </Word>
                <Word id="rX9wI_2l36_w11" custom="readingOrder {index:10;}">
                    <Coords points="3573,2496 3573,2556 3658,2556 3658,2496"/>
                    <TextEquiv>
                        <Unicode>that</Unicode>
                    </TextEquiv>
                </Word>
                <TextEquiv>
                    <Unicode>quem for the date of printing, and the probability remains that</Unicode>
                </TextEquiv>
            </TextLine>
            <TextLine id="rX9wI_2l37" custom="readingOrder {index:36;}">
                <Coords points="2219,2613 3610,2596 3561,2542 2219,2550"/>
                <Baseline points="2228,2582 2296,2584 2365,2584 2434,2586 2502,2586 2571,2586 2640,2586 2708,2586 2777,2586 2846,2586 2915,2586 2983,2586 3052,2586 3121,2586 3189,2586 3258,2586 3327,2586 3395,2586 3464,2588 3533,2588 3602,2588"/>
                <Word id="rX9wI_2l37_w1" custom="readingOrder {index:0;}">
                    <Coords points="2224,2542 2224,2602 2282,2602 2282,2542"/>
                    <TextEquiv>
                        <Unicode>the</Unicode>
                    </TextEquiv>
                </Word>
                <Word id="rX9wI_2l37_w2" custom="readingOrder {index:1;}">
                    <Coords points="2309,2544 2309,2604 2405,2604 2405,2544"/>
                    <TextEquiv>
                        <Unicode>work</Unicode>
                    </TextEquiv>
                </Word>
                <Word id="rX9wI_2l37_w3" custom="readingOrder {index:2;}">
                    <Coords points="2436,2546 2436,2606 2510,2606 2510,2546"/>
                    <TextEquiv>
                        <Unicode>was</Unicode>
                    </TextEquiv>
                </Word>
                <Word id="rX9wI_2l37_w4" custom="readingOrder {index:3;}">
                    <Coords points="2537,2546 2537,2606 2733,2606 2733,2546"/>
                    <TextEquiv>
                        <Unicode>produced</Unicode>
                    </TextEquiv>
                </Word>
                <Word id="rX9wI_2l37_w5" custom="readingOrder {index:4;}">
                    <Coords points="2765,2546 2765,2606 2977,2606 2977,2546"/>
                    <TextEquiv>
                        <Unicode>conjointly</Unicode>
                    </TextEquiv>
                </Word>
                <Word id="rX9wI_2l37_w6" custom="readingOrder {index:5;}">
                    <Coords points="3004,2546 3004,2606 3089,2606 3089,2546"/>
                    <TextEquiv>
                        <Unicode>with</Unicode>
                    </TextEquiv>
                </Word>
                <Word id="rX9wI_2l37_w7" custom="readingOrder {index:6;}">
                    <Coords points="3120,2546 3120,2606 3179,2606 3179,2546"/>
                    <TextEquiv>
                        <Unicode>the</Unicode>
                    </TextEquiv>
                </Word>
                <Word id="rX9wI_2l37_w8" custom="readingOrder {index:7;}">
                    <Coords points="3206,2546 3206,2606 3449,2606 3449,2546"/>
                    <TextEquiv>
                        <Unicode>Pomponius</Unicode>
                    </TextEquiv>
                </Word>
                <Word id="rX9wI_2l37_w9" custom="readingOrder {index:8;}">
                    <Coords points="3476,2548 3476,2608 3603,2608 3603,2548"/>
                    <TextEquiv>
                        <Unicode>Mela.</Unicode>
                    </TextEquiv>
                </Word>
                <TextEquiv>
                    <Unicode>the work was produced conjointly with the Pomponius Mela.</Unicode>
                </TextEquiv>
            </TextLine>
            <TextLine id="rX9wI_2l38" custom="readingOrder {index:37;}">
                <Coords points="2264,2687 3523,2706 3669,2694 3670,2637 2264,2651"/>
                <Baseline points="2274,2674 2343,2674 2412,2674 2481,2674 2551,2674 2620,2674 2689,2674 2759,2674 2828,2676 2897,2676 2967,2676 3036,2676 3105,2678 3174,2678 3244,2678 3313,2678 3382,2678 3452,2678 3521,2678 3590,2676 3660,2676"/>
                <Word id="rX9wI_2l38_w1" custom="readingOrder {index:0;}">
                    <Coords points="2274,2634 2274,2694 2382,2694 2382,2634"/>
                    <TextEquiv>
                        <Unicode>209X</Unicode>
                    </TextEquiv>
                </Word>
                <Word id="rX9wI_2l38_w2" custom="readingOrder {index:1;}">
                    <Coords points="2423,2634 2423,2694 2490,2694 2490,2634"/>
                    <TextEquiv>
                        <Unicode>148</Unicode>
                    </TextEquiv>
                </Word>
                <Word id="rX9wI_2l38_w3" custom="readingOrder {index:2;}">
                    <Coords points="2539,2634 2539,2694 2654,2694 2654,2634"/>
                    <TextEquiv>
                        <Unicode>mm.</Unicode>
                    </TextEquiv>
                </Word>
                <Word id="rX9wI_2l38_w4" custom="readingOrder {index:3;}">
                    <Coords points="2708,2634 2708,2694 2857,2694 2857,2634"/>
                    <TextEquiv>
                        <Unicode>Bound</Unicode>
                    </TextEquiv>
                </Word>
                <Word id="rX9wI_2l38_w5" custom="readingOrder {index:4;}">
                    <Coords points="2905,2636 2905,2696 3055,2696 3055,2636"/>
                    <TextEquiv>
                        <Unicode>before</Unicode>
                    </TextEquiv>
                </Word>
                <Word id="rX9wI_2l38_w6" custom="readingOrder {index:5;}">
                    <Coords points="3102,2638 3102,2698 3184,2698 3184,2638"/>
                    <TextEquiv>
                        <Unicode>IA.</Unicode>
                    </TextEquiv>
                </Word>
                <Word id="rX9wI_2l38_w7" custom="readingOrder {index:6;}">
                    <Coords points="3224,2638 3224,2698 3360,2698 3360,2638"/>
                    <TextEquiv>
                        <Unicode>52835</Unicode>
                    </TextEquiv>
                </Word>
                <Word id="rX9wI_2l38_w8" custom="readingOrder {index:7;}">
                    <Coords points="3407,2638 3407,2698 3475,2698 3475,2638"/>
                    <TextEquiv>
                        <Unicode>(2)</Unicode>
                    </TextEquiv>
                </Word>
                <Word id="rX9wI_2l38_w9" custom="readingOrder {index:8;}">
                    <Coords points="3509,2636 3509,2696 3658,2696 3658,2636"/>
                    <TextEquiv>
                        <Unicode>(Pom-</Unicode>
                    </TextEquiv>
                </Word>
                <TextEquiv>
                    <Unicode>209X 148 mm. Bound before IA. 52835 (2) (Pom-</Unicode>
                </TextEquiv>
            </TextLine>
            <TextLine id="rX9wI_2l39" custom="readingOrder {index:38;}">
                <Coords points="2230,2758 3625,2766 3645,2697 2230,2702"/>
                <Baseline points="2240,2734 2309,2736 2379,2736 2449,2736 2519,2736 2589,2738 2658,2738 2728,2738 2798,2738 2868,2738 2938,2738 3007,2738 3077,2738 3147,2738 3217,2738 3287,2740 3356,2740 3426,2740 3496,2740 3566,2742 3636,2742"/>
                <Word id="rX9wI_2l39_w1" custom="readingOrder {index:0;}">
                    <Coords points="2226,2695 2226,2755 2380,2755 2380,2695"/>
                    <TextEquiv>
                        <Unicode>ponius</Unicode>
                    </TextEquiv>
                </Word>
                <Word id="rX9wI_2l39_w2" custom="readingOrder {index:1;}">
                    <Coords points="2420,2696 2420,2756 2560,2756 2560,2696"/>
                    <TextEquiv>
                        <Unicode>Mela,</Unicode>
                    </TextEquiv>
                </Word>
                <Word id="rX9wI_2l39_w3" custom="readingOrder {index:2;}">
                    <Coords points="2600,2698 2600,2758 2973,2758 2973,2698"/>
                    <TextEquiv>
                        <Unicode>Cosmographia,</Unicode>
                    </TextEquiv>
                </Word>
                <Word id="rX9wI_2l39_w4" custom="readingOrder {index:3;}">
                    <Coords points="3006,2698 3006,2758 3287,2758 3287,2698"/>
                    <TextEquiv>
                        <Unicode>Salamanca,</Unicode>
                    </TextEquiv>
                </Word>
                <Word id="rX9wI_2l39_w5" custom="readingOrder {index:4;}">
                    <Coords points="3320,2700 3320,2760 3467,2760 3467,2700"/>
                    <TextEquiv>
                        <Unicode>April,</Unicode>
                    </TextEquiv>
                </Word>
                <Word id="rX9wI_2l39_w6" custom="readingOrder {index:5;}">
                    <Coords points="3508,2702 3508,2762 3655,2762 3655,2702"/>
                    <TextEquiv>
                        <Unicode>1498).</Unicode>
                    </TextEquiv>
                </Word>
                <TextEquiv>
                    <Unicode>ponius Mela, Cosmographia, Salamanca, April, 1498).</Unicode>
                </TextEquiv>
            </TextLine>
            <TextLine id="rX9wI_2l40" custom="readingOrder {index:39;}">
                <Coords points="2217,2814 3665,2835 3666,2776 2217,2756"/>
                <Baseline points="2226,2796 2297,2798 2369,2798 2440,2800 2512,2800 2583,2800 2655,2800 2726,2800 2798,2800 2869,2800 2941,2800 3012,2800 3084,2800 3155,2800 3227,2800 3298,2800 3370,2800 3441,2800 3513,2802 3584,2802 3656,2804"/>
                <Word id="rX9wI_2l40_w1" custom="readingOrder {index:0;}">
                    <Coords points="2227,2757 2227,2817 2329,2817 2329,2757"/>
                    <TextEquiv>
                        <Unicode>With</Unicode>
                    </TextEquiv>
                </Word>
                <Word id="rX9wI_2l40_w2" custom="readingOrder {index:1;}">
                    <Coords points="2363,2758 2363,2818 2425,2818 2425,2758"/>
                    <TextEquiv>
                        <Unicode>the</Unicode>
                    </TextEquiv>
                </Word>
                <Word id="rX9wI_2l40_w3" custom="readingOrder {index:2;}">
                    <Coords points="2459,2760 2459,2820 2711,2820 2711,2760"/>
                    <TextEquiv>
                        <Unicode>book-label</Unicode>
                    </TextEquiv>
                </Word>
                <Word id="rX9wI_2l40_w4" custom="readingOrder {index:3;}">
                    <Coords points="2732,2760 2732,2820 2780,2820 2780,2760"/>
                    <TextEquiv>
                        <Unicode>of</Unicode>
                    </TextEquiv>
                </Word>
                <Word id="rX9wI_2l40_w5" custom="readingOrder {index:4;}">
                    <Coords points="2801,2760 2801,2820 2842,2820 2842,2760"/>
                    <TextEquiv>
                        <Unicode>J.</Unicode>
                    </TextEquiv>
                </Word>
                <Word id="rX9wI_2l40_w6" custom="readingOrder {index:5;}">
                    <Coords points="2862,2760 2862,2820 3026,2820 3026,2760"/>
                    <TextEquiv>
                        <Unicode>Gomez</Unicode>
                    </TextEquiv>
                </Word>
                <Word id="rX9wI_2l40_w7" custom="readingOrder {index:6;}">
                    <Coords points="3053,2760 3053,2820 3101,2820 3101,2760"/>
                    <TextEquiv>
                        <Unicode>de</Unicode>
                    </TextEquiv>
                </Word>
                <Word id="rX9wI_2l40_w8" custom="readingOrder {index:7;}">
                    <Coords points="3129,2760 3129,2820 3163,2820 3163,2760"/>
                    <TextEquiv>
                        <Unicode>la</Unicode>
                    </TextEquiv>
                </Word>
                <Word id="rX9wI_2l40_w9" custom="readingOrder {index:8;}">
                    <Coords points="3190,2760 3190,2820 3388,2820 3388,2760"/>
                    <TextEquiv>
                        <Unicode>Cortina.</Unicode>
                    </TextEquiv>
                </Word>
                <Word id="rX9wI_2l40_w10" custom="readingOrder {index:9;}">
                    <Coords points="3422,2761 3422,2821 3573,2821 3573,2761"/>
                    <TextEquiv>
                        <Unicode>Bound</Unicode>
                    </TextEquiv>
                </Word>
                <Word id="rX9wI_2l40_w11" custom="readingOrder {index:10;}">
                    <Coords points="3607,2763 3607,2823 3641,2823 3641,2763"/>
                    <TextEquiv>
                        <Unicode>in</Unicode>
                    </TextEquiv>
                </Word>
                <TextEquiv>
                    <Unicode>With the book-label of J. Gomez de la Cortina. Bound in</Unicode>
                </TextEquiv>
            </TextLine>
            <TextLine id="rX9wI_2l41" custom="readingOrder {index:40;}">
                <Coords points="2200,2870 3622,2876 3598,2815 2200,2831"/>
                <Baseline points="2210,2860 2280,2860 2350,2862 2420,2862 2490,2862 2560,2862 2630,2864 2700,2864 2770,2864 2840,2864 2911,2862 2981,2862 3051,2862 3121,2862 3191,2862 3261,2862 3331,2862 3401,2864 3471,2864 3541,2864 3612,2866"/>
                <Word id="rX9wI_2l41_w1" custom="readingOrder {index:0;}">
                    <Coords points="2201,2822 2201,2882 2670,2882 2670,2822"/>
                    <TextEquiv>
                        <Unicode>nineteenth-century</Unicode>
                    </TextEquiv>
                </Word>
                <Word id="rX9wI_2l41_w2" custom="readingOrder {index:1;}">
                    <Coords points="2699,2824 2699,2884 2796,2884 2796,2824"/>
                    <TextEquiv>
                        <Unicode>dark</Unicode>
                    </TextEquiv>
                </Word>
                <Word id="rX9wI_2l41_w3" custom="readingOrder {index:2;}">
                    <Coords points="2832,2822 2832,2882 2940,2882 2940,2822"/>
                    <TextEquiv>
                        <Unicode>olive</Unicode>
                    </TextEquiv>
                </Word>
                <Word id="rX9wI_2l41_w4" custom="readingOrder {index:3;}">
                    <Coords points="2970,2822 2970,2882 3168,2882 3168,2822"/>
                    <TextEquiv>
                        <Unicode>morocco</Unicode>
                    </TextEquiv>
                </Word>
                <Word id="rX9wI_2l41_w5" custom="readingOrder {index:4;}">
                    <Coords points="3204,2822 3204,2882 3379,2882 3379,2822"/>
                    <TextEquiv>
                        <Unicode>blocked</Unicode>
                    </TextEquiv>
                </Word>
                <Word id="rX9wI_2l41_w6" custom="readingOrder {index:5;}">
                    <Coords points="3415,2824 3415,2884 3445,2884 3445,2824"/>
                    <TextEquiv>
                        <Unicode>in</Unicode>
                    </TextEquiv>
                </Word>
                <Word id="rX9wI_2l41_w7" custom="readingOrder {index:6;}">
                    <Coords points="3481,2824 3481,2884 3632,2884 3632,2824"/>
                    <TextEquiv>
                        <Unicode>blind.</Unicode>
                    </TextEquiv>
                </Word>
                <TextEquiv>
                    <Unicode>nineteenth-century dark olive morocco blocked in blind.</Unicode>
                </TextEquiv>
            </TextLine>
            <TextLine id="rX9wI_2l42" custom="readingOrder {index:41;}">
                <Coords points="2255,2947 2302,2971 2546,2944 2593,2966 2705,2946 2808,2964 2859,2955 2860,2905 2748,2878 2697,2908 2675,2888 2255,2900"/>
                <Baseline points="2264,2930 2293,2932 2322,2933 2351,2934 2381,2934 2410,2935 2439,2936 2469,2936 2498,2936 2527,2937 2557,2938 2586,2938 2615,2938 2644,2938 2674,2938 2703,2938 2732,2938 2762,2939 2791,2940 2820,2940 2850,2940"/>
                <Word id="rX9wI_2l42_w1" custom="readingOrder {index:0;}">
                    <Coords points="2259,2893 2259,2953 2442,2953 2442,2893"/>
                    <TextEquiv>
                        <Unicode>Bought</Unicode>
                    </TextEquiv>
                </Word>
                <Word id="rX9wI_2l42_w2" custom="readingOrder {index:1;}">
                    <Coords points="2473,2896 2473,2956 2503,2956 2503,2896"/>
                    <TextEquiv>
                        <Unicode>in</Unicode>
                    </TextEquiv>
                </Word>
                <Word id="rX9wI_2l42_w3" custom="readingOrder {index:2;}">
                    <Coords points="2542,2898 2542,2958 2693,2958 2693,2898"/>
                    <TextEquiv>
                        <Unicode>April,</Unicode>
                    </TextEquiv>
                </Word>
                <Word id="rX9wI_2l42_w4" custom="readingOrder {index:3;}">
                    <Coords points="2724,2899 2724,2959 2854,2959 2854,2899"/>
                    <TextEquiv>
                        <Unicode>1872.</Unicode>
                    </TextEquiv>
                </Word>
                <TextEquiv>
                    <Unicode>Bought in April, 1872.</Unicode>
                </TextEquiv>
            </TextLine>
            <TextLine id="rX9wI_2l43" custom="readingOrder {index:42;}">
                <Coords points="3289,2956 3379,2953 3438,2975 3491,2960 3540,2970 3650,2959 3651,2898 3623,2888 3526,2910 3474,2889 3387,2909 3331,2879 3290,2899"/>
                <Baseline points="3298,2938 3324,2938 3350,2938 3377,2938 3403,2939 3430,2940 3456,2940 3483,2940 3509,2940 3536,2941 3562,2942 3589,2942 3615,2943 3642,2944"/>
                <Word id="rX9wI_2l43_w1" custom="readingOrder {index:0;}">
                    <Coords points="3295,2898 3295,2958 3380,2958 3380,2898"/>
                    <TextEquiv>
                        <Unicode>IA.</Unicode>
                    </TextEquiv>
                </Word>
                <Word id="rX9wI_2l43_w2" custom="readingOrder {index:1;}">
                    <Coords points="3405,2900 3405,2960 3541,2960 3541,2900"/>
                    <TextEquiv>
                        <Unicode>52835</Unicode>
                    </TextEquiv>
                </Word>
                <Word id="rX9wI_2l43_w3" custom="readingOrder {index:2;}">
                    <Coords points="3575,2903 3575,2963 3661,2963 3661,2903"/>
                    <TextEquiv>
                        <Unicode>(1).</Unicode>
                    </TextEquiv>
                </Word>
                <TextEquiv>
                    <Unicode>IA. 52835 (1).</Unicode>
                </TextEquiv>
            </TextLine>
            <TextLine id="rX9wI_2l44" custom="readingOrder {index:43;}">
                <Coords points="2211,3199 3660,3182 3610,3112 3290,3089 3034,3135 2212,3112"/>
                <Baseline points="2220,3164 2291,3166 2363,3166 2434,3166 2506,3168 2578,3168 2649,3168 2721,3168 2792,3168 2864,3168 2936,3168 3007,3168 3079,3168 3150,3168 3222,3168 3294,3170 3365,3170 3437,3170 3508,3170 3580,3172 3652,3172"/>
                <Word id="rX9wI_2l44_w1" custom="readingOrder {index:0;}">
                    <Coords points="2218,3126 2218,3186 2468,3186 2468,3126"/>
                    <TextEquiv>
                        <Unicode>MELA,</Unicode>
                    </TextEquiv>
                </Word>
                <Word id="rX9wI_2l44_w2" custom="readingOrder {index:1;}">
                    <Coords points="2494,3128 2494,3188 2883,3188 2883,3128"/>
                    <TextEquiv>
                        <Unicode>POMPONIUS.</Unicode>
                    </TextEquiv>
                </Word>
                <Word id="rX9wI_2l44_w3" custom="readingOrder {index:2;}">
                    <Coords points="2935,3128 2935,3188 3384,3188 3384,3128"/>
                    <TextEquiv>
                        <Unicode>Cosmographia</Unicode>
                    </TextEquiv>
                </Word>
                <Word id="rX9wI_2l44_w4" custom="readingOrder {index:3;}">
                    <Coords points="3428,3130 3428,3190 3539,3190 3539,3130"/>
                    <TextEquiv>
                        <Unicode>siue</Unicode>
                    </TextEquiv>
                </Word>
                <Word id="rX9wI_2l44_w5" custom="readingOrder {index:4;}">
                    <Coords points="3583,3132 3583,3192 3643,3192 3643,3132"/>
                    <TextEquiv>
                        <Unicode>de</Unicode>
                    </TextEquiv>
                </Word>
                <TextEquiv>
                    <Unicode>MELA, POMPONIUS. Cosmographia siue de</Unicode>
                </TextEquiv>
            </TextLine>
            <TextLine id="rX9wI_2l45" custom="readingOrder {index:44;}">
                <Coords points="2285,3269 3488,3283 3650,3266 3651,3190 2285,3193"/>
                <Baseline points="2294,3246 2361,3246 2428,3246 2496,3246 2563,3247 2631,3248 2698,3248 2765,3248 2833,3246 2900,3246 2968,3246 3035,3246 3102,3246 3170,3246 3237,3248 3305,3248 3372,3248 3439,3248 3507,3250 3574,3251 3642,3252"/>
                <Word id="rX9wI_2l45_w1" custom="readingOrder {index:0;}">
                    <Coords points="2297,3206 2297,3266 2387,3266 2387,3206"/>
                    <TextEquiv>
                        <Unicode>situ</Unicode>
                    </TextEquiv>
                </Word>
                <Word id="rX9wI_2l45_w2" custom="readingOrder {index:1;}">
                    <Coords points="2433,3206 2433,3266 2615,3266 2615,3206"/>
                    <TextEquiv>
                        <Unicode>orbis,</Unicode>
                    </TextEquiv>
                </Word>
                <Word id="rX9wI_2l45_w3" custom="readingOrder {index:2;}">
                    <Coords points="2637,3208 2637,3268 2736,3268 2736,3208"/>
                    <TextEquiv>
                        <Unicode>cum</Unicode>
                    </TextEquiv>
                </Word>
                <Word id="rX9wI_2l45_w4" custom="readingOrder {index:3;}">
                    <Coords points="2804,3206 2804,3266 3327,3266 3327,3206"/>
                    <TextEquiv>
                        <Unicode>introductionibus</Unicode>
                    </TextEquiv>
                </Word>
                <Word id="rX9wI_2l45_w5" custom="readingOrder {index:4;}">
                    <Coords points="3365,3210 3365,3270 3652,3270 3652,3210"/>
                    <TextEquiv>
                        <Unicode>Francisci</Unicode>
                    </TextEquiv>
                </Word>
                <TextEquiv>
                    <Unicode>situ orbis, cum introductionibus Francisci</Unicode>
                </TextEquiv>
            </TextLine>
            <TextLine id="rX9wI_2l46" custom="readingOrder {index:45;}">
                <Coords points="2284,3335 2392,3356 2463,3339 2517,3361 2649,3336 2897,3353 2897,3304 2821,3278 2765,3289 2709,3265 2642,3286 2611,3267 2571,3291 2535,3267 2495,3292 2441,3266 2284,3270"/>
                <Baseline points="2292,3322 2321,3323 2351,3324 2381,3326 2411,3326 2441,3326 2470,3326 2500,3327 2530,3328 2560,3327 2590,3326 2619,3326 2649,3326 2679,3326 2709,3326 2739,3327 2768,3328 2798,3328 2828,3328 2858,3330 2888,3330"/>
                <Word id="rX9wI_2l46_w1" custom="readingOrder {index:0;}">
                    <Coords points="2298,3286 2298,3346 2475,3346 2475,3286"/>
                    <TextEquiv>
                        <Unicode>Nunis</Unicode>
                    </TextEquiv>
                </Word>
                <Word id="rX9wI_2l46_w2" custom="readingOrder {index:1;}">
                    <Coords points="2518,3287 2518,3347 2568,3347 2568,3287"/>
                    <TextEquiv>
                        <Unicode>de</Unicode>
                    </TextEquiv>
                </Word>
                <Word id="rX9wI_2l46_w3" custom="readingOrder {index:2;}">
                    <Coords points="2611,3286 2611,3346 2653,3346 2653,3286"/>
                    <TextEquiv>
                        <Unicode>la</Unicode>
                    </TextEquiv>
                </Word>
                <Word id="rX9wI_2l46_w4" custom="readingOrder {index:3;}">
                    <Coords points="2686,3288 2686,3348 2897,3348 2897,3288"/>
                    <TextEquiv>
                        <Unicode>Yerva.</Unicode>
                    </TextEquiv>
                </Word>
                <TextEquiv>
                    <Unicode>Nunis de la Yerva.</Unicode>
                </TextEquiv>
            </TextLine>
            <TextLine id="rX9wI_2l47" custom="readingOrder {index:46;}">
                <Coords points="3244,3351 3274,3342 3332,3369 3356,3348 3437,3362 3493,3341 3573,3372 3652,3362 3653,3275 3604,3267 3573,3293 3501,3281 3477,3294 3429,3261 3410,3274 3382,3264 3327,3293 3289,3268 3244,3285"/>
                <Baseline points="3252,3332 3278,3330 3304,3329 3330,3328 3356,3328 3382,3328 3408,3328 3434,3329 3461,3330 3487,3330 3513,3331 3539,3332 3565,3332 3591,3331 3617,3330 3644,3328"/>
                <Word id="rX9wI_2l47_w1" custom="readingOrder {index:0;}">
                    <Coords points="3252,3288 3252,3348 3453,3348 3453,3288"/>
                    <TextEquiv>
                        <Unicode>April,</Unicode>
                    </TextEquiv>
                </Word>
                <Word id="rX9wI_2l47_w2" custom="readingOrder {index:1;}">
                    <Coords points="3480,3291 3480,3351 3652,3351 3652,3291"/>
                    <TextEquiv>
                        <Unicode>1498.</Unicode>
                    </TextEquiv>
                </Word>
                <TextEquiv>
                    <Unicode>April, 1498.</Unicode>
                </TextEquiv>
            </TextLine>
            <TextLine id="rX9wI_2l48" custom="readingOrder {index:47;}">
                <Coords points="2265,3436 3663,3445 3631,3358 3356,3400 2265,3382"/>
                <Baseline points="2274,3420 2343,3422 2412,3424 2481,3426 2550,3426 2619,3426 2688,3428 2757,3428 2826,3428 2895,3428 2964,3428 3033,3428 3102,3428 3171,3428 3240,3428 3309,3428 3378,3428 3447,3428 3516,3430 3585,3430 3654,3432"/>
                <Word id="rX9wI_2l48_w1" custom="readingOrder {index:0;}">
                    <Coords points="2269,3380 2269,3440 2312,3440 2312,3380"/>
                    <TextEquiv>
                        <Unicode>12</Unicode>
                    </TextEquiv>
                </Word>
                <Word id="rX9wI_2l48_w2" custom="readingOrder {index:1;}">
                    <Coords points="2385,3385 2385,3445 2552,3445 2552,3385"/>
                    <TextEquiv>
                        <Unicode>TITLE:</Unicode>
                    </TextEquiv>
                </Word>
                <Word id="rX9wI_2l48_w3" custom="readingOrder {index:2;}">
                    <Coords points="2603,3388 2603,3448 2952,3448 2952,3388"/>
                    <TextEquiv>
                        <Unicode>Cosmographia</Unicode>
                    </TextEquiv>
                </Word>
                <Word id="rX9wI_2l48_w4" custom="readingOrder {index:3;}">
                    <Coords points="3010,3388 3010,3448 3272,3448 3272,3388"/>
                    <TextEquiv>
                        <Unicode>pomsponii</Unicode>
                    </TextEquiv>
                </Word>
                <Word id="rX9wI_2l48_w5" custom="readingOrder {index:4;}">
                    <Coords points="3323,3388 3323,3448 3403,3448 3403,3388"/>
                    <TextEquiv>
                        <Unicode>cum</Unicode>
                    </TextEquiv>
                </Word>
                <Word id="rX9wI_2l48_w6" custom="readingOrder {index:5;}">
                    <Coords points="3483,3390 3483,3450 3657,3450 3657,3390"/>
                    <TextEquiv>
                        <Unicode>figuris.</Unicode>
                    </TextEquiv>
                </Word>
                <TextEquiv>
                    <Unicode>12 TITLE: Cosmographia pomsponii cum figuris.</Unicode>
                </TextEquiv>
            </TextLine>
            <TextLine id="rX9wI_2l49" custom="readingOrder {index:48;}">
                <Coords points="2210,3495 3617,3501 3458,3431 2210,3465"/>
                <Baseline points="2220,3482 2289,3484 2358,3486 2428,3488 2497,3489 2567,3490 2636,3490 2705,3490 2775,3490 2844,3490 2914,3490 2983,3488 3052,3488 3122,3488 3191,3488 3261,3488 3330,3490 3399,3490 3469,3491 3538,3492 3608,3496"/>
                <Word id="rX9wI_2l49_w1" custom="readingOrder {index:0;}">
                    <Coords points="2214,3442 2214,3502 2278,3502 2278,3442"/>
                    <TextEquiv>
                        <Unicode>16.</Unicode>
                    </TextEquiv>
                </Word>
                <Word id="rX9wI_2l49_w2" custom="readingOrder {index:1;}">
                    <Coords points="2299,3445 2299,3505 2364,3505 2364,3445"/>
                    <TextEquiv>
                        <Unicode>AD</Unicode>
                    </TextEquiv>
                </Word>
                <Word id="rX9wI_2l49_w3" custom="readingOrder {index:2;}">
                    <Coords points="2420,3448 2420,3508 2521,3508 2521,3448"/>
                    <TextEquiv>
                        <Unicode>huie</Unicode>
                    </TextEquiv>
                </Word>
                <Word id="rX9wI_2l49_w4" custom="readingOrder {index:3;}">
                    <Coords points="2549,3450 2549,3510 2699,3510 2699,3450"/>
                    <TextEquiv>
                        <Unicode>tabule</Unicode>
                    </TextEquiv>
                </Word>
                <Word id="rX9wI_2l49_w5" custom="readingOrder {index:4;}">
                    <Coords points="2734,3450 2734,3510 3006,3510 3006,3450"/>
                    <TextEquiv>
                        <Unicode>expositione</Unicode>
                    </TextEquiv>
                </Word>
                <Word id="rX9wI_2l49_w6" custom="readingOrder {index:5;}">
                    <Coords points="3041,3448 3041,3508 3119,3508 3119,3448"/>
                    <TextEquiv>
                        <Unicode>duo</Unicode>
                    </TextEquiv>
                </Word>
                <Word id="rX9wI_2l49_w7" custom="readingOrder {index:6;}">
                    <Coords points="3163,3448 3163,3508 3341,3508 3341,3448"/>
                    <TextEquiv>
                        <Unicode>oportet</Unicode>
                    </TextEquiv>
                </Word>
                <Word id="rX9wI_2l49_w8" custom="readingOrder {index:7;}">
                    <Coords points="3369,3451 3369,3511 3611,3511 3611,3451"/>
                    <TextEquiv>
                        <Unicode>sci¬re..</Unicode>
                    </TextEquiv>
                </Word>
                <TextEquiv>
                    <Unicode>16. AD huie tabule expositione duo oportet sci¬re..</Unicode>
                </TextEquiv>
            </TextLine>
            <TextLine id="rX9wI_2l50" custom="readingOrder {index:49;}">
                <Coords points="2217,3565 3659,3574 3659,3508 2217,3496"/>
                <Baseline points="2226,3548 2297,3550 2368,3550 2439,3550 2510,3552 2582,3552 2653,3552 2724,3552 2795,3552 2866,3552 2938,3552 3009,3550 3080,3550 3151,3550 3222,3550 3294,3550 3365,3552 3436,3552 3507,3552 3578,3554 3650,3556"/>
                <Word id="rX9wI_2l50_w1" custom="readingOrder {index:0;}">
                    <Coords points="2219,3508 2219,3568 2283,3568 2283,3508"/>
                    <TextEquiv>
                        <Unicode>2°,</Unicode>
                    </TextEquiv>
                </Word>
                <Word id="rX9wI_2l50_w2" custom="readingOrder {index:1;}">
                    <Coords points="2303,3510 2303,3570 2367,3570 2367,3510"/>
                    <TextEquiv>
                        <Unicode>32.</Unicode>
                    </TextEquiv>
                </Word>
                <Word id="rX9wI_2l50_w3" custom="readingOrder {index:2;}">
                    <Coords points="2399,3511 2399,3571 2618,3571 2618,3511"/>
                    <TextEquiv>
                        <Unicode>woodcut</Unicode>
                    </TextEquiv>
                </Word>
                <Word id="rX9wI_2l50_w4" custom="readingOrder {index:3;}">
                    <Coords points="2637,3512 2637,3572 2766,3572 2766,3512"/>
                    <TextEquiv>
                        <Unicode>figure</Unicode>
                    </TextEquiv>
                </Word>
                <Word id="rX9wI_2l50_w5" custom="readingOrder {index:4;}">
                    <Coords points="2793,3512 2793,3572 2979,3572 2979,3512"/>
                    <TextEquiv>
                        <Unicode>showing</Unicode>
                    </TextEquiv>
                </Word>
                <Word id="rX9wI_2l50_w6" custom="readingOrder {index:5;}">
                    <Coords points="3005,3510 3005,3570 3069,3570 3069,3510"/>
                    <TextEquiv>
                        <Unicode>the</Unicode>
                    </TextEquiv>
                </Word>
                <Word id="rX9wI_2l50_w7" custom="readingOrder {index:6;}">
                    <Coords points="3095,3510 3095,3570 3269,3570 3269,3510"/>
                    <TextEquiv>
                        <Unicode>degrees</Unicode>
                    </TextEquiv>
                </Word>
                <Word id="rX9wI_2l50_w8" custom="readingOrder {index:7;}">
                    <Coords points="3301,3510 3301,3570 3339,3570 3339,3510"/>
                    <TextEquiv>
                        <Unicode>of</Unicode>
                    </TextEquiv>
                </Word>
                <Word id="rX9wI_2l50_w9" custom="readingOrder {index:8;}">
                    <Coords points="3359,3512 3359,3572 3540,3572 3540,3512"/>
                    <TextEquiv>
                        <Unicode>latitude</Unicode>
                    </TextEquiv>
                </Word>
                <Word id="rX9wI_2l50_w10" custom="readingOrder {index:9;}">
                    <Coords points="3565,3514 3565,3574 3642,3574 3642,3514"/>
                    <TextEquiv>
                        <Unicode>and</Unicode>
                    </TextEquiv>
                </Word>
                <TextEquiv>
                    <Unicode>2°, 32. woodcut figure showing the degrees of latitude and</Unicode>
                </TextEquiv>
            </TextLine>
            <TextLine id="rX9wI_2l51" custom="readingOrder {index:50;}">
                <Coords points="2204,3623 3651,3635 3631,3573 2204,3573"/>
                <Baseline points="2212,3610 2283,3610 2355,3612 2426,3613 2498,3614 2569,3614 2641,3614 2712,3614 2784,3614 2855,3616 2927,3616 2998,3614 3070,3614 3141,3614 3213,3614 3284,3614 3356,3614 3427,3614 3499,3614 3570,3614 3642,3616"/>
                <Word id="rX9wI_2l51_w1" custom="readingOrder {index:0;}">
                    <Coords points="2207,3571 2207,3631 2474,3631 2474,3571"/>
                    <TextEquiv>
                        <Unicode>longitude.)</Unicode>
                    </TextEquiv>
                </Word>
                <Word id="rX9wI_2l51_w2" custom="readingOrder {index:1;}">
                    <Coords points="2515,3574 2515,3634 2584,3634 2584,3574"/>
                    <TextEquiv>
                        <Unicode>3b.</Unicode>
                    </TextEquiv>
                </Word>
                <Word id="rX9wI_2l51_w3" custom="readingOrder {index:2;}">
                    <Coords points="2604,3574 2604,3634 2618,3634 2618,3574"/>
                    <TextEquiv>
                        <Unicode>C</Unicode>
                    </TextEquiv>
                </Word>
                <Word id="rX9wI_2l51_w4" custom="readingOrder {index:3;}">
                    <Coords points="2666,3574 2666,3634 2701,3634 2701,3574"/>
                    <TextEquiv>
                        <Unicode>In</Unicode>
                    </TextEquiv>
                </Word>
                <Word id="rX9wI_2l51_w5" custom="readingOrder {index:4;}">
                    <Coords points="2735,3574 2735,3634 2886,3634 2886,3574"/>
                    <TextEquiv>
                        <Unicode>laudem</Unicode>
                    </TextEquiv>
                </Word>
                <Word id="rX9wI_2l51_w6" custom="readingOrder {index:5;}">
                    <Coords points="2940,3574 2940,3634 3077,3634 3077,3574"/>
                    <TextEquiv>
                        <Unicode>operis</Unicode>
                    </TextEquiv>
                </Word>
                <Word id="rX9wI_2l51_w7" custom="readingOrder {index:6;}">
                    <Coords points="3146,3574 3146,3634 3242,3634 3242,3574"/>
                    <TextEquiv>
                        <Unicode>Qui</Unicode>
                    </TextEquiv>
                </Word>
                <Word id="rX9wI_2l51_w8" custom="readingOrder {index:7;}">
                    <Coords points="3256,3574 3256,3634 3379,3634 3379,3574"/>
                    <TextEquiv>
                        <Unicode>cupis</Unicode>
                    </TextEquiv>
                </Word>
                <Word id="rX9wI_2l51_w9" custom="readingOrder {index:8;}">
                    <Coords points="3406,3574 3406,3634 3646,3634 3646,3574"/>
                    <TextEquiv>
                        <Unicode>immensos</Unicode>
                    </TextEquiv>
                </Word>
                <TextEquiv>
                    <Unicode>longitude.) 3b. C In laudem operis Qui cupis immensos</Unicode>
                </TextEquiv>
            </TextLine>
            <TextLine id="rX9wI_2l52" custom="readingOrder {index:51;}">
                <Coords points="2200,3686 3655,3682 3445,3625 2982,3665 2201,3632"/>
                <Baseline points="2210,3670 2281,3672 2353,3672 2425,3674 2497,3674 2569,3674 2640,3676 2712,3676 2784,3676 2856,3676 2928,3676 2999,3676 3071,3676 3143,3676 3215,3676 3287,3676 3358,3676 3430,3676 3502,3676 3574,3677 3646,3678"/>
                <Word id="rX9wI_2l52_w1" custom="readingOrder {index:0;}">
                    <Coords points="2203,3631 2203,3691 2324,3691 2324,3631"/>
                    <TextEquiv>
                        <Unicode>orbis</Unicode>
                    </TextEquiv>
                </Word>
                <Word id="rX9wI_2l52_w2" custom="readingOrder {index:1;}">
                    <Coords points="2358,3634 2358,3694 2607,3694 2607,3634"/>
                    <TextEquiv>
                        <Unicode>dignoscere</Unicode>
                    </TextEquiv>
                </Word>
                <Word id="rX9wI_2l52_w3" custom="readingOrder {index:2;}">
                    <Coords points="2647,3636 2647,3696 2903,3696 2903,3636"/>
                    <TextEquiv>
                        <Unicode>tractus.</Unicode>
                    </TextEquiv>
                </Word>
                <Word id="rX9wI_2l52_w4" custom="readingOrder {index:3;}">
                    <Coords points="2930,3636 2930,3696 2943,3696 2943,3636"/>
                    <TextEquiv>
                        <Unicode>.</Unicode>
                    </TextEquiv>
                </Word>
                <Word id="rX9wI_2l52_w5" custom="readingOrder {index:4;}">
                    <Coords points="2970,3636 2970,3696 2990,3696 2990,3636"/>
                    <TextEquiv>
                        <Unicode>.</Unicode>
                    </TextEquiv>
                </Word>
                <Word id="rX9wI_2l52_w6" custom="readingOrder {index:5;}">
                    <Coords points="3031,3636 3031,3696 3098,3696 3098,3636"/>
                    <TextEquiv>
                        <Unicode>52.</Unicode>
                    </TextEquiv>
                </Word>
                <Word id="rX9wI_2l52_w7" custom="readingOrder {index:6;}">
                    <Coords points="3132,3636 3132,3696 3355,3696 3355,3636"/>
                    <TextEquiv>
                        <Unicode>woodcut</Unicode>
                    </TextEquiv>
                </Word>
                <Word id="rX9wI_2l52_w8" custom="readingOrder {index:7;}">
                    <Coords points="3388,3636 3388,3696 3435,3696 3435,3636"/>
                    <TextEquiv>
                        <Unicode>of</Unicode>
                    </TextEquiv>
                </Word>
                <Word id="rX9wI_2l52_w9" custom="readingOrder {index:8;}">
                    <Coords points="3462,3636 3462,3696 3644,3696 3644,3636"/>
                    <TextEquiv>
                        <Unicode>mappa¬</Unicode>
                    </TextEquiv>
                </Word>
                <TextEquiv>
                    <Unicode>orbis dignoscere tractus. . . 52. woodcut of mappa¬</Unicode>
                </TextEquiv>
            </TextLine>
            <TextLine id="rX9wI_2l53" custom="readingOrder {index:52;}">
                <Coords points="2213,3747 3630,3770 3650,3685 2213,3696"/>
                <Baseline points="2222,3732 2292,3734 2363,3736 2434,3736 2505,3738 2576,3738 2647,3738 2718,3738 2789,3738 2860,3738 2931,3738 3001,3736 3072,3736 3143,3736 3214,3736 3285,3736 3356,3736 3427,3738 3498,3739 3569,3740 3640,3742"/>
                <Word id="rX9wI_2l53_w1" custom="readingOrder {index:0;}">
                    <Coords points="2217,3694 2217,3754 2400,3754 2400,3694"/>
                    <TextEquiv>
                        <Unicode>mundi,</Unicode>
                    </TextEquiv>
                </Word>
                <Word id="rX9wI_2l53_w2" custom="readingOrder {index:1;}">
                    <Coords points="2428,3698 2428,3758 2640,3758 2640,3698"/>
                    <TextEquiv>
                        <Unicode>vertically</Unicode>
                    </TextEquiv>
                </Word>
                <Word id="rX9wI_2l53_w3" custom="readingOrder {index:2;}">
                    <Coords points="2676,3698 2676,3758 2712,3758 2712,3698"/>
                    <TextEquiv>
                        <Unicode>to</Unicode>
                    </TextEquiv>
                </Word>
                <Word id="rX9wI_2l53_w4" custom="readingOrder {index:3;}">
                    <Coords points="2747,3697 2747,3757 3157,3757 3157,3697"/>
                    <TextEquiv>
                        <Unicode>left)(type-set,</Unicode>
                    </TextEquiv>
                </Word>
                <Word id="rX9wI_2l53_w5" custom="readingOrder {index:4;}">
                    <Coords points="3186,3696 3186,3756 3404,3756 3404,3696"/>
                    <TextEquiv>
                        <Unicode>vertically</Unicode>
                    </TextEquiv>
                </Word>
                <Word id="rX9wI_2l53_w6" custom="readingOrder {index:5;}">
                    <Coords points="3440,3698 3440,3758 3475,3758 3475,3698"/>
                    <TextEquiv>
                        <Unicode>to</Unicode>
                    </TextEquiv>
                </Word>
                <Word id="rX9wI_2l53_w7" custom="readingOrder {index:6;}">
                    <Coords points="3517,3700 3517,3760 3652,3760 3652,3700"/>
                    <TextEquiv>
                        <Unicode>right)</Unicode>
                    </TextEquiv>
                </Word>
                <TextEquiv>
                    <Unicode>mundi, vertically to left)(type-set, vertically to right)</Unicode>
                </TextEquiv>
            </TextLine>
            <TextLine id="rX9wI_2l54" custom="readingOrder {index:53;}">
                <Coords points="2211,3827 3655,3815 3655,3764 3452,3750 2212,3745"/>
                <Baseline points="2220,3794 2291,3796 2362,3798 2433,3800 2505,3800 2576,3800 2647,3800 2719,3800 2790,3800 2861,3800 2933,3800 3004,3800 3075,3798 3146,3798 3218,3798 3289,3798 3360,3800 3432,3800 3503,3801 3574,3802 3646,3804"/>
                <Word id="rX9wI_2l54_w1" custom="readingOrder {index:0;}">
                    <Coords points="2219,3756 2219,3816 2396,3816 2396,3756"/>
                    <TextEquiv>
                        <Unicode>Nouelle</Unicode>
                    </TextEquiv>
                </Word>
                <Word id="rX9wI_2l54_w2" custom="readingOrder {index:1;}">
                    <Coords points="2428,3760 2428,3820 2530,3820 2530,3760"/>
                    <TextEquiv>
                        <Unicode>etati</Unicode>
                    </TextEquiv>
                </Word>
                <Word id="rX9wI_2l54_w3" custom="readingOrder {index:2;}">
                    <Coords points="2548,3760 2548,3820 2593,3820 2593,3760"/>
                    <TextEquiv>
                        <Unicode>ad</Unicode>
                    </TextEquiv>
                </Word>
                <Word id="rX9wI_2l54_w4" custom="readingOrder {index:3;}">
                    <Coords points="2625,3760 2625,3820 2878,3820 2878,3760"/>
                    <TextEquiv>
                        <Unicode>geographie</Unicode>
                    </TextEquiv>
                </Word>
                <Word id="rX9wI_2l54_w5" custom="readingOrder {index:4;}">
                    <Coords points="2910,3758 2910,3818 3214,3818 3214,3758"/>
                    <TextEquiv>
                        <Unicode>vermiculatos</Unicode>
                    </TextEquiv>
                </Word>
                <Word id="rX9wI_2l54_w6" custom="readingOrder {index:5;}">
                    <Coords points="3239,3758 3239,3818 3360,3818 3360,3758"/>
                    <TextEquiv>
                        <Unicode>calles</Unicode>
                    </TextEquiv>
                </Word>
                <Word id="rX9wI_2l54_w7" custom="readingOrder {index:6;}">
                    <Coords points="3391,3760 3391,3820 3524,3820 3524,3760"/>
                    <TextEquiv>
                        <Unicode>humano</Unicode>
                    </TextEquiv>
                </Word>
                <Word id="rX9wI_2l54_w8" custom="readingOrder {index:7;}">
                    <Coords points="3557,3762 3557,3822 3645,3822 3645,3762"/>
                    <TextEquiv>
                        <Unicode>uiro</Unicode>
                    </TextEquiv>
                </Word>
                <TextEquiv>
                    <Unicode>Nouelle etati ad geographie vermiculatos calles humano uiro</Unicode>
                </TextEquiv>
            </TextLine>
            <TextLine id="rX9wI_2l55" custom="readingOrder {index:54;}">
                <Coords points="2203,3874 3554,3893 3600,3830 2203,3833"/>
                <Baseline points="2212,3858 2280,3858 2349,3860 2418,3860 2487,3860 2556,3860 2625,3862 2694,3862 2763,3862 2832,3862 2901,3862 2969,3862 3038,3862 3107,3862 3176,3862 3245,3862 3314,3862 3383,3862 3452,3864 3521,3864 3590,3864"/>
                <Word id="rX9wI_2l55_w1" custom="readingOrder {index:0;}">
                    <Coords points="2204,3819 2204,3879 2457,3879 2457,3819"/>
                    <TextEquiv>
                        <Unicode>necessaros</Unicode>
                    </TextEquiv>
                </Word>
                <Word id="rX9wI_2l55_w2" custom="readingOrder {index:1;}">
                    <Coords points="2498,3820 2498,3880 2627,3880 2627,3820"/>
                    <TextEquiv>
                        <Unicode>flores</Unicode>
                    </TextEquiv>
                </Word>
                <Word id="rX9wI_2l55_w3" custom="readingOrder {index:2;}">
                    <Coords points="2674,3822 2674,3882 2862,3882 2862,3822"/>
                    <TextEquiv>
                        <Unicode>aspirati</Unicode>
                    </TextEquiv>
                </Word>
                <Word id="rX9wI_2l55_w4" custom="readingOrder {index:3;}">
                    <Coords points="2897,3822 2897,3882 2998,3882 2998,3822"/>
                    <TextEquiv>
                        <Unicode>votu</Unicode>
                    </TextEquiv>
                </Word>
                <Word id="rX9wI_2l55_w5" custom="readingOrder {index:4;}">
                    <Coords points="3056,3822 3056,3882 3368,3882 3368,3822"/>
                    <TextEquiv>
                        <Unicode>benemerenti</Unicode>
                    </TextEquiv>
                </Word>
                <Word id="rX9wI_2l55_w6" custom="readingOrder {index:5;}">
                    <Coords points="3409,3824 3409,3884 3585,3884 3585,3824"/>
                    <TextEquiv>
                        <Unicode>ponitur</Unicode>
                    </TextEquiv>
                </Word>
                <TextEquiv>
                    <Unicode>necessaros flores aspirati votu benemerenti ponitur</Unicode>
                </TextEquiv>
            </TextLine>
            <TextLine id="rX9wI_2l56" custom="readingOrder {index:55;}">
                <Coords points="2203,3946 3646,3941 3646,3897 3511,3873 2203,3885"/>
                <Baseline points="2212,3924 2283,3924 2354,3924 2425,3924 2497,3922 2568,3922 2639,3922 2711,3922 2782,3922 2853,3922 2925,3922 2996,3924 3067,3924 3138,3924 3210,3924 3281,3924 3352,3924 3424,3926 3495,3926 3566,3926 3638,3928"/>
                <Word id="rX9wI_2l56_w1" custom="readingOrder {index:0;}">
                    <Coords points="2206,3884 2206,3944 2273,3944 2273,3884"/>
                    <TextEquiv>
                        <Unicode>56.</Unicode>
                    </TextEquiv>
                </Word>
                <Word id="rX9wI_2l56_w2" custom="readingOrder {index:1;}">
                    <Coords points="2300,3884 2300,3944 2482,3944 2482,3884"/>
                    <TextEquiv>
                        <Unicode>Martini</Unicode>
                    </TextEquiv>
                </Word>
                <Word id="rX9wI_2l56_w3" custom="readingOrder {index:2;}">
                    <Coords points="2509,3882 2509,3942 2630,3942 2630,3882"/>
                    <TextEquiv>
                        <Unicode>abar.</Unicode>
                    </TextEquiv>
                </Word>
                <Word id="rX9wI_2l56_w4" custom="readingOrder {index:3;}">
                    <Coords points="2651,3882 2651,3942 2779,3942 2779,3882"/>
                    <TextEquiv>
                        <Unicode>bach.</Unicode>
                    </TextEquiv>
                </Word>
                <Word id="rX9wI_2l56_w5" custom="readingOrder {index:4;}">
                    <Coords points="2806,3882 2806,3942 3008,3942 3008,3882"/>
                    <TextEquiv>
                        <Unicode>exortatio</Unicode>
                    </TextEquiv>
                </Word>
                <Word id="rX9wI_2l56_w6" custom="readingOrder {index:5;}">
                    <Coords points="3042,3884 3042,3944 3068,3944 3068,3884"/>
                    <TextEquiv>
                        <Unicode>in</Unicode>
                    </TextEquiv>
                </Word>
                <Word id="rX9wI_2l56_w7" custom="readingOrder {index:6;}">
                    <Coords points="3109,3884 3109,3944 3217,3944 3217,3884"/>
                    <TextEquiv>
                        <Unicode>opus</Unicode>
                    </TextEquiv>
                </Word>
                <Word id="rX9wI_2l56_w8" custom="readingOrder {index:7;}">
                    <Coords points="3243,3884 3243,3944 3413,3944 3413,3884"/>
                    <TextEquiv>
                        <Unicode>egregij</Unicode>
                    </TextEquiv>
                </Word>
                <Word id="rX9wI_2l56_w9" custom="readingOrder {index:8;}">
                    <Coords points="3433,3886 3433,3946 3641,3946 3641,3886"/>
                    <TextEquiv>
                        <Unicode>dossctoris</Unicode>
                    </TextEquiv>
                </Word>
                <TextEquiv>
                    <Unicode>56. Martini abar. bach. exortatio in opus egregij dossctoris</Unicode>
                </TextEquiv>
            </TextLine>
            <TextLine id="rX9wI_2l57" custom="readingOrder {index:56;}">
                <Coords points="2202,3987 3647,4003 3647,3942 2202,3947"/>
                <Baseline points="2210,3982 2281,3984 2352,3984 2424,3984 2495,3986 2567,3986 2638,3986 2709,3986 2781,3986 2852,3986 2924,3986 2995,3986 3066,3986 3138,3986 3209,3986 3281,3986 3352,3986 3423,3988 3495,3988 3566,3988 3638,3988"/>
                <Word id="rX9wI_2l57_w1" custom="readingOrder {index:0;}">
                    <Coords points="2210,3943 2210,4003 2293,4003 2293,3943"/>
                    <TextEquiv>
                        <Unicode>dela</Unicode>
                    </TextEquiv>
                </Word>
                <Word id="rX9wI_2l57_w2" custom="readingOrder {index:1;}">
                    <Coords points="2330,3944 2330,4004 2458,4004 2458,3944"/>
                    <TextEquiv>
                        <Unicode>yerua</Unicode>
                    </TextEquiv>
                </Word>
                <Word id="rX9wI_2l57_w3" custom="readingOrder {index:2;}">
                    <Coords points="2489,3946 2489,4006 2604,4006 2604,3946"/>
                    <TextEquiv>
                        <Unicode>quod</Unicode>
                    </TextEquiv>
                </Word>
                <Word id="rX9wI_2l57_w4" custom="readingOrder {index:3;}">
                    <Coords points="2641,3946 2641,4006 2825,4006 2825,3946"/>
                    <TextEquiv>
                        <Unicode>inseruit</Unicode>
                    </TextEquiv>
                </Word>
                <Word id="rX9wI_2l57_w5" custom="readingOrder {index:4;}">
                    <Coords points="2857,3946 2857,4006 3206,4006 3206,3946"/>
                    <TextEquiv>
                        <Unicode>cosmographiae</Unicode>
                    </TextEquiv>
                </Word>
                <Word id="rX9wI_2l57_w6" custom="readingOrder {index:5;}">
                    <Coords points="3237,3946 3237,4006 3352,4006 3352,3946"/>
                    <TextEquiv>
                        <Unicode>Pomp.</Unicode>
                    </TextEquiv>
                </Word>
                <Word id="rX9wI_2l57_w7" custom="readingOrder {index:6;}">
                    <Coords points="3421,3948 3421,4008 3498,4008 3498,3948"/>
                    <TextEquiv>
                        <Unicode>cum</Unicode>
                    </TextEquiv>
                </Word>
                <Word id="rX9wI_2l57_w8" custom="readingOrder {index:7;}">
                    <Coords points="3555,3948 3555,4008 3643,4008 3643,3948"/>
                    <TextEquiv>
                        <Unicode>suis</Unicode>
                    </TextEquiv>
                </Word>
                <TextEquiv>
                    <Unicode>dela yerua quod inseruit cosmographiae Pomp. cum suis</Unicode>
                </TextEquiv>
            </TextLine>
            <TextLine id="rX9wI_2l58" custom="readingOrder {index:57;}">
                <Coords points="2218,4064 3645,4055 3592,4002 2218,3995"/>
                <Baseline points="2226,4046 2296,4046 2367,4046 2437,4048 2508,4048 2578,4048 2649,4048 2719,4048 2790,4048 2860,4048 2931,4048 3001,4048 3072,4048 3142,4048 3213,4048 3283,4048 3354,4048 3424,4048 3495,4048 3565,4049 3636,4050"/>
                <Word id="rX9wI_2l58_w1" custom="readingOrder {index:0;}">
                    <Coords points="2220,4007 2220,4067 2616,4067 2616,4007"/>
                    <TextEquiv>
                        <Unicode>introductionibus</Unicode>
                    </TextEquiv>
                </Word>
                <Word id="rX9wI_2l58_w2" custom="readingOrder {index:1;}">
                    <Coords points="2648,4008 2648,4068 2679,4068 2679,4008"/>
                    <TextEquiv>
                        <Unicode>&amp;</Unicode>
                    </TextEquiv>
                </Word>
                <Word id="rX9wI_2l58_w3" custom="readingOrder {index:2;}">
                    <Coords points="2698,4008 2698,4068 2937,4068 2937,4008"/>
                    <TextEquiv>
                        <Unicode>utilissimis</Unicode>
                    </TextEquiv>
                </Word>
                <Word id="rX9wI_2l58_w4" custom="readingOrder {index:3;}">
                    <Coords points="2962,4008 2962,4068 3296,4068 3296,4008"/>
                    <TextEquiv>
                        <Unicode>additamenstis</Unicode>
                    </TextEquiv>
                </Word>
                <Word id="rX9wI_2l58_w5" custom="readingOrder {index:4;}">
                    <Coords points="3321,4008 3321,4068 3421,4068 3421,4008"/>
                    <TextEquiv>
                        <Unicode>quam</Unicode>
                    </TextEquiv>
                </Word>
                <Word id="rX9wI_2l58_w6" custom="readingOrder {index:5;}">
                    <Coords points="3472,4008 3472,4068 3641,4068 3641,4008"/>
                    <TextEquiv>
                        <Unicode>foelicis¬</Unicode>
                    </TextEquiv>
                </Word>
                <TextEquiv>
                    <Unicode>introductionibus &amp; utilissimis additamenstis quam foelicis¬</Unicode>
                </TextEquiv>
            </TextLine>
            <TextLine id="rX9wI_2l59" custom="readingOrder {index:58;}">
                <Coords points="2206,4122 3656,4119 3637,4061 2206,4075"/>
                <Baseline points="2214,4106 2285,4108 2357,4110 2429,4110 2500,4110 2572,4112 2644,4112 2715,4110 2787,4110 2859,4110 2931,4110 3002,4110 3074,4108 3146,4108 3217,4108 3289,4108 3361,4109 3432,4110 3504,4111 3576,4112 3648,4114"/>
                <Word id="rX9wI_2l59_w1" custom="readingOrder {index:0;}">
                    <Coords points="2211,4069 2211,4129 2484,4129 2484,4069"/>
                    <TextEquiv>
                        <Unicode>simæe....</Unicode>
                    </TextEquiv>
                </Word>
                <Word id="rX9wI_2l59_w2" custom="readingOrder {index:1;}">
                    <Coords points="2515,4071 2515,4131 2561,4131 2561,4071"/>
                    <TextEquiv>
                        <Unicode>66</Unicode>
                    </TextEquiv>
                </Word>
                <Word id="rX9wI_2l59_w3" custom="readingOrder {index:2;}">
                    <Coords points="2599,4070 2599,4130 2926,4130 2926,4070"/>
                    <TextEquiv>
                        <Unicode>SVMMARIA</Unicode>
                    </TextEquiv>
                </Word>
                <Word id="rX9wI_2l59_w4" custom="readingOrder {index:3;}">
                    <Coords points="2964,4068 2964,4128 3322,4128 3322,4068"/>
                    <TextEquiv>
                        <Unicode>DESCRIPTIO</Unicode>
                    </TextEquiv>
                </Word>
                <Word id="rX9wI_2l59_w5" custom="readingOrder {index:4;}">
                    <Coords points="3398,4071 3398,4131 3634,4131 3634,4071"/>
                    <TextEquiv>
                        <Unicode>TABVLE</Unicode>
                    </TextEquiv>
                </Word>
                <TextEquiv>
                    <Unicode>simæe.... 66 SVMMARIA DESCRIPTIO TABVLE</Unicode>
                </TextEquiv>
            </TextLine>
            <TextLine id="rX9wI_2l60" custom="readingOrder {index:59;}">
                <Coords points="2927,4189 2990,4194 3049,4158 3101,4190 3412,4173 3647,4198 3648,4133 3594,4125 3091,4119 2928,4142"/>
                <Baseline points="2936,4166 2971,4166 3006,4166 3041,4166 3076,4166 3111,4168 3146,4168 3181,4168 3216,4168 3251,4168 3287,4170 3322,4170 3357,4170 3392,4170 3427,4172 3462,4172 3497,4172 3532,4174 3567,4174 3602,4176 3638,4176"/>
                <Word id="rX9wI_2l60_w1" custom="readingOrder {index:0;}">
                    <Coords points="2932,4126 2932,4186 3008,4186 3008,4126"/>
                    <TextEquiv>
                        <Unicode>272</Unicode>
                    </TextEquiv>
                </Word>
                <Word id="rX9wI_2l60_w2" custom="readingOrder {index:1;}">
                    <Coords points="3061,4128 3061,4188 3382,4188 3382,4128"/>
                    <TextEquiv>
                        <Unicode>POMPONII</Unicode>
                    </TextEquiv>
                </Word>
                <Word id="rX9wI_2l60_w3" custom="readingOrder {index:2;}">
                    <Coords points="3420,4133 3420,4193 3626,4193 3626,4133"/>
                    <TextEquiv>
                        <Unicode>MELLE</Unicode>
                    </TextEquiv>
                </Word>
                <TextEquiv>
                    <Unicode>272 POMPONII MELLE</Unicode>
                </TextEquiv>
            </TextLine>
            <TextLine id="rX9wI_2l61" custom="readingOrder {index:60;}">
                <Coords points="2226,4182 2452,4189 2485,4166 2528,4193 2711,4182 2712,4124 2227,4121"/>
                <Baseline points="2236,4166 2261,4168 2287,4169 2313,4170 2339,4170 2365,4170 2391,4170 2417,4170 2443,4170 2469,4170 2494,4170 2520,4169 2546,4168 2572,4168 2598,4170 2624,4170 2650,4171 2676,4173 2702,4176"/>
                <Word id="rX9wI_2l61_w1" custom="readingOrder {index:0;}">
                    <Coords points="2231,4130 2231,4190 2460,4190 2460,4130"/>
                    <TextEquiv>
                        <Unicode>NOSTRI</Unicode>
                    </TextEquiv>
                </Word>
                <Word id="rX9wI_2l61_w2" custom="readingOrder {index:1;}">
                    <Coords points="2500,4130 2500,4190 2713,4190 2713,4130"/>
                    <TextEquiv>
                        <Unicode>ORBIS.</Unicode>
                    </TextEquiv>
                </Word>
                <TextEquiv>
                    <Unicode>NOSTRI ORBIS.</Unicode>
                </TextEquiv>
            </TextLine>
            <TextLine id="rX9wI_2l62" custom="readingOrder {index:61;}">
                <Coords points="2211,4241 3658,4260 3658,4191 3567,4184 2211,4179"/>
                <Baseline points="2220,4232 2291,4232 2362,4232 2434,4232 2505,4232 2577,4232 2648,4232 2719,4232 2791,4232 2862,4232 2934,4232 3005,4232 3076,4232 3148,4232 3219,4232 3291,4232 3362,4234 3433,4234 3505,4234 3576,4236 3648,4236"/>
                <Word id="rX9wI_2l62_w1" custom="readingOrder {index:0;}">
                    <Coords points="2223,4192 2223,4252 2678,4252 2678,4192"/>
                    <TextEquiv>
                        <Unicode>COSMOGRAPHI</Unicode>
                    </TextEquiv>
                </Word>
                <Word id="rX9wI_2l62_w2" custom="readingOrder {index:1;}">
                    <Coords points="2771,4192 2771,4252 2841,4252 2841,4192"/>
                    <TextEquiv>
                        <Unicode>DE</Unicode>
                    </TextEquiv>
                </Word>
                <Word id="rX9wI_2l62_w3" custom="readingOrder {index:2;}">
                    <Coords points="2887,4192 2887,4252 3018,4252 3018,4192"/>
                    <TextEquiv>
                        <Unicode>SITV</Unicode>
                    </TextEquiv>
                </Word>
                <Word id="rX9wI_2l62_w4" custom="readingOrder {index:3;}">
                    <Coords points="3073,4192 3073,4252 3281,4252 3281,4192"/>
                    <TextEquiv>
                        <Unicode>ORBIS.</Unicode>
                    </TextEquiv>
                </Word>
                <Word id="rX9wI_2l62_w5" custom="readingOrder {index:4;}">
                    <Coords points="3305,4194 3305,4254 3474,4254 3474,4194"/>
                    <TextEquiv>
                        <Unicode>LIBER</Unicode>
                    </TextEquiv>
                </Word>
                <Word id="rX9wI_2l62_w6" custom="readingOrder {index:5;}">
                    <Coords points="3528,4196 3528,4256 3651,4256 3651,4196"/>
                    <TextEquiv>
                        <Unicode>PRI¬</Unicode>
                    </TextEquiv>
                </Word>
                <TextEquiv>
                    <Unicode>COSMOGRAPHI DE SITV ORBIS. LIBER PRI¬</Unicode>
                </TextEquiv>
            </TextLine>
            <TextLine id="rX9wI_2l63" custom="readingOrder {index:62;}">
                <Coords points="2215,4314 3643,4310 3594,4248 2216,4244"/>
                <Baseline points="2224,4292 2294,4294 2365,4294 2435,4296 2506,4296 2576,4296 2647,4296 2717,4296 2788,4296 2858,4296 2929,4294 2999,4294 3070,4294 3140,4294 3211,4294 3281,4294 3352,4294 3422,4295 3493,4296 3563,4298 3634,4300"/>
                <Word id="rX9wI_2l63_w1" custom="readingOrder {index:0;}">
                    <Coords points="2220,4254 2220,4314 2370,4314 2370,4254"/>
                    <TextEquiv>
                        <Unicode>MVS.</Unicode>
                    </TextEquiv>
                </Word>
                <Word id="rX9wI_2l63_w2" custom="readingOrder {index:1;}">
                    <Coords points="2457,4256 2457,4316 2813,4316 2813,4256"/>
                    <TextEquiv>
                        <Unicode>PROHEMIVM</Unicode>
                    </TextEquiv>
                </Word>
                <Word id="rX9wI_2l63_w3" custom="readingOrder {index:2;}">
                    <Coords points="2948,4254 2948,4314 3130,4314 3130,4254"/>
                    <TextEquiv>
                        <Unicode>ORBIS</Unicode>
                    </TextEquiv>
                </Word>
                <Word id="rX9wI_2l63_w4" custom="readingOrder {index:3;}">
                    <Coords points="3177,4254 3177,4314 3344,4314 3344,4254"/>
                    <TextEquiv>
                        <Unicode>SITVM</Unicode>
                    </TextEquiv>
                </Word>
                <Word id="rX9wI_2l63_w5" custom="readingOrder {index:4;}">
                    <Coords points="3414,4256 3414,4316 3636,4316 3636,4256"/>
                    <TextEquiv>
                        <Unicode>DICEre</Unicode>
                    </TextEquiv>
                </Word>
                <TextEquiv>
                    <Unicode>MVS. PROHEMIVM ORBIS SITVM DICEre</Unicode>
                </TextEquiv>
            </TextLine>
            <TextLine id="rX9wI_2l64" custom="readingOrder {index:63;}">
                <Coords points="2219,4375 3661,4380 3635,4312 2219,4318"/>
                <Baseline points="2228,4356 2299,4358 2370,4360 2441,4360 2512,4360 2584,4360 2655,4360 2726,4360 2797,4360 2868,4358 2940,4358 3011,4358 3082,4356 3153,4356 3224,4356 3296,4356 3367,4356 3438,4356 3509,4358 3580,4360 3652,4362"/>
                <Word id="rX9wI_2l64_w1" custom="readingOrder {index:0;}">
                    <Coords points="2221,4318 2221,4378 2444,4378 2444,4318"/>
                    <TextEquiv>
                        <Unicode>aggredior</Unicode>
                    </TextEquiv>
                </Word>
                <Word id="rX9wI_2l64_w2" custom="readingOrder {index:1;}">
                    <Coords points="2500,4320 2500,4380 2519,4380 2519,4320"/>
                    <TextEquiv>
                        <Unicode>.</Unicode>
                    </TextEquiv>
                </Word>
                <Word id="rX9wI_2l64_w3" custom="readingOrder {index:2;}">
                    <Coords points="2538,4320 2538,4380 2552,4380 2552,4320"/>
                    <TextEquiv>
                        <Unicode>.</Unicode>
                    </TextEquiv>
                </Word>
                <Word id="rX9wI_2l64_w4" custom="readingOrder {index:3;}">
                    <Coords points="2590,4320 2590,4380 2685,4380 2685,4320"/>
                    <TextEquiv>
                        <Unicode>702,</Unicode>
                    </TextEquiv>
                </Word>
                <Word id="rX9wI_2l64_w5" custom="readingOrder {index:4;}">
                    <Coords points="2710,4320 2710,4380 2742,4380 2742,4320"/>
                    <TextEquiv>
                        <Unicode>l.</Unicode>
                    </TextEquiv>
                </Word>
                <Word id="rX9wI_2l64_w6" custom="readingOrder {index:5;}">
                    <Coords points="2761,4320 2761,4380 2831,4380 2831,4320"/>
                    <TextEquiv>
                        <Unicode>20,</Unicode>
                    </TextEquiv>
                </Word>
                <Word id="rX9wI_2l64_w7" custom="readingOrder {index:6;}">
                    <Coords points="2856,4318 2856,4378 3149,4378 3149,4318"/>
                    <TextEquiv>
                        <Unicode>COLOPHON:</Unicode>
                    </TextEquiv>
                </Word>
                <Word id="rX9wI_2l64_w8" custom="readingOrder {index:7;}">
                    <Coords points="3168,4316 3168,4376 3295,4376 3295,4316"/>
                    <TextEquiv>
                        <Unicode>Opus</Unicode>
                    </TextEquiv>
                </Word>
                <Word id="rX9wI_2l64_w9" custom="readingOrder {index:8;}">
                    <Coords points="3327,4317 3327,4377 3644,4377 3644,4317"/>
                    <TextEquiv>
                        <Unicode>Preclarissimu</Unicode>
                    </TextEquiv>
                </Word>
                <TextEquiv>
                    <Unicode>aggredior . . 702, l. 20, COLOPHON: Opus Preclarissimu</Unicode>
                </TextEquiv>
            </TextLine>
            <TextLine id="rX9wI_2l65" custom="readingOrder {index:64;}">
                <Coords points="2220,4442 3643,4433 3609,4375 2220,4375"/>
                <Baseline points="2228,4416 2298,4418 2368,4420 2438,4420 2509,4420 2579,4421 2649,4422 2720,4422 2790,4420 2860,4420 2931,4420 3001,4420 3071,4420 3141,4420 3212,4420 3282,4420 3352,4420 3423,4420 3493,4422 3563,4422 3634,4424"/>
                <Word id="rX9wI_2l65_w1" custom="readingOrder {index:0;}">
                    <Coords points="2223,4378 2223,4438 2406,4438 2406,4378"/>
                    <TextEquiv>
                        <Unicode>Põponij</Unicode>
                    </TextEquiv>
                </Word>
                <Word id="rX9wI_2l65_w2" custom="readingOrder {index:1;}">
                    <Coords points="2440,4380 2440,4440 2590,4440 2590,4380"/>
                    <TextEquiv>
                        <Unicode>Mellae</Unicode>
                    </TextEquiv>
                </Word>
                <Word id="rX9wI_2l65_w3" custom="readingOrder {index:2;}">
                    <Coords points="2631,4380 2631,4440 2964,4440 2964,4380"/>
                    <TextEquiv>
                        <Unicode>cosmograsphi</Unicode>
                    </TextEquiv>
                </Word>
                <Word id="rX9wI_2l65_w4" custom="readingOrder {index:3;}">
                    <Coords points="2999,4380 2999,4440 3060,4440 3060,4380"/>
                    <TextEquiv>
                        <Unicode>cum</Unicode>
                    </TextEquiv>
                </Word>
                <Word id="rX9wI_2l65_w5" custom="readingOrder {index:4;}">
                    <Coords points="3094,4380 3094,4440 3434,4440 3434,4380"/>
                    <TextEquiv>
                        <Unicode>itroductioibus</Unicode>
                    </TextEquiv>
                </Word>
                <Word id="rX9wI_2l65_w6" custom="readingOrder {index:5;}">
                    <Coords points="3482,4382 3482,4442 3516,4442 3516,4382"/>
                    <TextEquiv>
                        <Unicode>&amp;</Unicode>
                    </TextEquiv>
                </Word>
                <Word id="rX9wI_2l65_w7" custom="readingOrder {index:6;}">
                    <Coords points="3550,4382 3550,4442 3645,4442 3645,4382"/>
                    <TextEquiv>
                        <Unicode>alijs</Unicode>
                    </TextEquiv>
                </Word>
                <TextEquiv>
                    <Unicode>Põponij Mellae cosmograsphi cum itroductioibus &amp; alijs</Unicode>
                </TextEquiv>
            </TextLine>
            <TextLine id="rX9wI_2l66" custom="readingOrder {index:65;}">
                <Coords points="2217,4494 3657,4510 3639,4444 3438,4433 2217,4438"/>
                <Baseline points="2226,4482 2297,4482 2368,4482 2439,4482 2510,4482 2581,4482 2652,4482 2723,4482 2794,4482 2865,4482 2937,4482 3008,4482 3079,4482 3150,4482 3221,4482 3292,4482 3363,4484 3434,4484 3505,4484 3576,4486 3648,4486"/>
                <Word id="rX9wI_2l66_w1" custom="readingOrder {index:0;}">
                    <Coords points="2219,4442 2219,4502 2402,4502 2402,4442"/>
                    <TextEquiv>
                        <Unicode>tantopere</Unicode>
                    </TextEquiv>
                </Word>
                <Word id="rX9wI_2l66_w2" custom="readingOrder {index:1;}">
                    <Coords points="2453,4442 2453,4502 2749,4502 2749,4442"/>
                    <TextEquiv>
                        <Unicode>necessalrijs.</Unicode>
                    </TextEquiv>
                </Word>
                <Word id="rX9wI_2l66_w3" custom="readingOrder {index:2;}">
                    <Coords points="2807,4442 2807,4502 2889,4502 2889,4442"/>
                    <TextEquiv>
                        <Unicode>Per</Unicode>
                    </TextEquiv>
                </Word>
                <Word id="rX9wI_2l66_w4" custom="readingOrder {index:3;}">
                    <Coords points="2940,4442 2940,4502 3129,4502 3129,4442"/>
                    <TextEquiv>
                        <Unicode>Fraciscu</Unicode>
                    </TextEquiv>
                </Word>
                <Word id="rX9wI_2l66_w5" custom="readingOrder {index:4;}">
                    <Coords points="3186,4442 3186,4502 3319,4502 3319,4442"/>
                    <TextEquiv>
                        <Unicode>nunnis</Unicode>
                    </TextEquiv>
                </Word>
                <Word id="rX9wI_2l66_w6" custom="readingOrder {index:5;}">
                    <Coords points="3369,4444 3369,4504 3457,4504 3457,4444"/>
                    <TextEquiv>
                        <Unicode>dela</Unicode>
                    </TextEquiv>
                </Word>
                <Word id="rX9wI_2l66_w7" custom="readingOrder {index:6;}">
                    <Coords points="3508,4445 3508,4505 3641,4505 3641,4445"/>
                    <TextEquiv>
                        <Unicode>yerua</Unicode>
                    </TextEquiv>
                </Word>
                <TextEquiv>
                    <Unicode>tantopere necessalrijs. Per Fraciscu nunnis dela yerua</Unicode>
                </TextEquiv>
            </TextLine>
            <TextLine id="rX9wI_2l67" custom="readingOrder {index:66;}">
                <Coords points="2221,4561 3648,4560 3648,4508 3563,4497 2221,4512"/>
                <Baseline points="2230,4544 2300,4544 2370,4544 2441,4544 2511,4544 2582,4544 2652,4544 2722,4544 2793,4544 2863,4544 2934,4544 3004,4544 3074,4544 3145,4544 3215,4544 3286,4544 3356,4546 3426,4546 3497,4546 3567,4548 3638,4548"/>
                <Word id="rX9wI_2l67_w1" custom="readingOrder {index:0;}">
                    <Coords points="2217,4504 2217,4564 2426,4564 2426,4504"/>
                    <TextEquiv>
                        <Unicode>medicine</Unicode>
                    </TextEquiv>
                </Word>
                <Word id="rX9wI_2l67_w2" custom="readingOrder {index:1;}">
                    <Coords points="2478,4504 2478,4564 2702,4564 2702,4504"/>
                    <TextEquiv>
                        <Unicode>pfessorem</Unicode>
                    </TextEquiv>
                </Word>
                <Word id="rX9wI_2l67_w3" custom="readingOrder {index:2;}">
                    <Coords points="2741,4504 2741,4564 2995,4564 2995,4504"/>
                    <TextEquiv>
                        <Unicode>elaboratis.</Unicode>
                    </TextEquiv>
                </Word>
                <Word id="rX9wI_2l67_w4" custom="readingOrder {index:3;}">
                    <Coords points="3048,4504 3048,4564 3238,4564 3238,4504"/>
                    <TextEquiv>
                        <Unicode>Explicit</Unicode>
                    </TextEquiv>
                </Word>
                <Word id="rX9wI_2l67_w5" custom="readingOrder {index:4;}">
                    <Coords points="3277,4506 3277,4566 3493,4566 3493,4506"/>
                    <TextEquiv>
                        <Unicode>foeliciter.</Unicode>
                    </TextEquiv>
                </Word>
                <Word id="rX9wI_2l67_w6" custom="readingOrder {index:5;}">
                    <Coords points="3552,4508 3552,4568 3644,4568 3644,4508"/>
                    <TextEquiv>
                        <Unicode>Im¬</Unicode>
                    </TextEquiv>
                </Word>
                <TextEquiv>
                    <Unicode>medicine pfessorem elaboratis. Explicit foeliciter. Im¬</Unicode>
                </TextEquiv>
            </TextLine>
            <TextLine id="rX9wI_2l68" custom="readingOrder {index:67;}">
                <Coords points="2212,4634 3647,4623 3647,4560 3542,4554 2212,4580"/>
                <Baseline points="2222,4606 2292,4608 2363,4608 2434,4608 2505,4608 2576,4608 2646,4606 2717,4606 2788,4606 2859,4606 2930,4606 3000,4606 3071,4606 3142,4606 3213,4606 3284,4606 3354,4606 3425,4608 3496,4608 3567,4608 3638,4610"/>
                <Word id="rX9wI_2l68_w1" custom="readingOrder {index:0;}">
                    <Coords points="2215,4567 2215,4627 2352,4627 2352,4567"/>
                    <TextEquiv>
                        <Unicode>pressu</Unicode>
                    </TextEquiv>
                </Word>
                <Word id="rX9wI_2l68_w2" custom="readingOrder {index:1;}">
                    <Coords points="2444,4568 2444,4628 2542,4628 2542,4568"/>
                    <TextEquiv>
                        <Unicode>uero</Unicode>
                    </TextEquiv>
                </Word>
                <Word id="rX9wI_2l68_w3" custom="readingOrder {index:2;}">
                    <Coords points="2581,4566 2581,4626 2804,4626 2804,4566"/>
                    <TextEquiv>
                        <Unicode>Salmatice</Unicode>
                    </TextEquiv>
                </Word>
                <Word id="rX9wI_2l68_w4" custom="readingOrder {index:3;}">
                    <Coords points="2844,4566 2844,4626 2981,4626 2981,4566"/>
                    <TextEquiv>
                        <Unicode>(cuius</Unicode>
                    </TextEquiv>
                </Word>
                <Word id="rX9wI_2l68_w5" custom="readingOrder {index:4;}">
                    <Coords points="3020,4566 3020,4626 3106,4626 3106,4566"/>
                    <TextEquiv>
                        <Unicode>loci</Unicode>
                    </TextEquiv>
                </Word>
                <Word id="rX9wI_2l68_w6" custom="readingOrder {index:5;}">
                    <Coords points="3132,4566 3132,4626 3309,4626 3309,4566"/>
                    <TextEquiv>
                        <Unicode>elogatio</Unicode>
                    </TextEquiv>
                </Word>
                <Word id="rX9wI_2l68_w7" custom="readingOrder {index:6;}">
                    <Coords points="3348,4566 3348,4626 3387,4626 3387,4566"/>
                    <TextEquiv>
                        <Unicode>ab</Unicode>
                    </TextEquiv>
                </Word>
                <Word id="rX9wI_2l68_w8" custom="readingOrder {index:7;}">
                    <Coords points="3433,4568 3433,4628 3643,4628 3643,4568"/>
                    <TextEquiv>
                        <Unicode>occideti</Unicode>
                    </TextEquiv>
                </Word>
                <TextEquiv>
                    <Unicode>pressu uero Salmatice (cuius loci elogatio ab occideti</Unicode>
                </TextEquiv>
            </TextLine>
            <TextLine id="rX9wI_2l69" custom="readingOrder {index:68;}">
                <Coords points="2233,4680 3660,4684 3642,4625 2233,4622"/>
                <Baseline points="2242,4666 2312,4666 2383,4668 2453,4668 2524,4668 2594,4668 2665,4670 2735,4670 2806,4670 2876,4670 2947,4670 3017,4670 3088,4670 3158,4670 3229,4670 3299,4670 3370,4670 3440,4670 3511,4670 3581,4672 3652,4672"/>
                <Word id="rX9wI_2l69_w1" custom="readingOrder {index:0;}">
                    <Coords points="2236,4626 2236,4686 2289,4686 2289,4626"/>
                    <TextEquiv>
                        <Unicode>ix.</Unicode>
                    </TextEquiv>
                </Word>
                <Word id="rX9wI_2l69_w2" custom="readingOrder {index:1;}">
                    <Coords points="2323,4626 2323,4686 2364,4686 2364,4626"/>
                    <TextEquiv>
                        <Unicode>&amp;</Unicode>
                    </TextEquiv>
                </Word>
                <Word id="rX9wI_2l69_w3" custom="readingOrder {index:2;}">
                    <Coords points="2390,4628 2390,4688 2438,4688 2438,4628"/>
                    <TextEquiv>
                        <Unicode>ab</Unicode>
                    </TextEquiv>
                </Word>
                <Word id="rX9wI_2l69_w4" custom="readingOrder {index:3;}">
                    <Coords points="2478,4630 2478,4690 2888,4690 2888,4630"/>
                    <TextEquiv>
                        <Unicode>equinoctiali.xlj.</Unicode>
                    </TextEquiv>
                </Word>
                <Word id="rX9wI_2l69_w5" custom="readingOrder {index:4;}">
                    <Coords points="2908,4630 2908,4690 3117,4690 3117,4630"/>
                    <TextEquiv>
                        <Unicode>gradibus</Unicode>
                    </TextEquiv>
                </Word>
                <Word id="rX9wI_2l69_w6" custom="readingOrder {index:5;}">
                    <Coords points="3158,4630 3158,4690 3332,4690 3332,4630"/>
                    <TextEquiv>
                        <Unicode>constat).</Unicode>
                    </TextEquiv>
                </Word>
                <Word id="rX9wI_2l69_w7" custom="readingOrder {index:6;}">
                    <Coords points="3407,4630 3407,4690 3534,4690 3534,4630"/>
                    <TextEquiv>
                        <Unicode>Anno</Unicode>
                    </TextEquiv>
                </Word>
                <Word id="rX9wI_2l69_w8" custom="readingOrder {index:7;}">
                    <Coords points="3582,4632 3582,4692 3655,4692 3655,4632"/>
                    <TextEquiv>
                        <Unicode>dnmi</Unicode>
                    </TextEquiv>
                </Word>
                <TextEquiv>
                    <Unicode>ix. &amp; ab equinoctiali.xlj. gradibus constat). Anno dnmi</Unicode>
                </TextEquiv>
            </TextLine>
            <TextLine id="rX9wI_2l70" custom="readingOrder {index:69;}">
                <Coords points="2252,4741 3561,4741 3465,4681 2252,4688"/>
                <Baseline points="2260,4730 2324,4730 2389,4730 2453,4731 2518,4732 2583,4732 2647,4732 2712,4732 2776,4732 2841,4732 2906,4732 2970,4732 3035,4732 3099,4732 3164,4733 3228,4734 3293,4734 3358,4734 3422,4734 3487,4734 3552,4734"/>
                <Word id="rX9wI_2l70_w1" custom="readingOrder {index:0;}">
                    <Coords points="2248,4690 2248,4750 2578,4750 2578,4690"/>
                    <TextEquiv>
                        <Unicode>M.cccc.Xcviij.</Unicode>
                    </TextEquiv>
                </Word>
                <Word id="rX9wI_2l70_w2" custom="readingOrder {index:1;}">
                    <Coords points="2597,4692 2597,4752 2678,4752 2678,4692"/>
                    <TextEquiv>
                        <Unicode>sole</Unicode>
                    </TextEquiv>
                </Word>
                <Word id="rX9wI_2l70_w3" custom="readingOrder {index:2;}">
                    <Coords points="2709,4692 2709,4752 2828,4752 2828,4692"/>
                    <TextEquiv>
                        <Unicode>tauri</Unicode>
                    </TextEquiv>
                </Word>
                <Word id="rX9wI_2l70_w4" custom="readingOrder {index:3;}">
                    <Coords points="2846,4692 2846,4752 3040,4752 3040,4692"/>
                    <TextEquiv>
                        <Unicode>punctum</Unicode>
                    </TextEquiv>
                </Word>
                <Word id="rX9wI_2l70_w5" custom="readingOrder {index:4;}">
                    <Coords points="3134,4694 3134,4754 3358,4754 3358,4694"/>
                    <TextEquiv>
                        <Unicode>gradiente</Unicode>
                    </TextEquiv>
                </Word>
                <Word id="rX9wI_2l70_w6" custom="readingOrder {index:5;}">
                    <Coords points="3389,4694 3389,4754 3557,4754 3557,4694"/>
                    <TextEquiv>
                        <Unicode>primum.</Unicode>
                    </TextEquiv>
                </Word>
                <TextEquiv>
                    <Unicode>M.cccc.Xcviij. sole tauri punctum gradiente primum.</Unicode>
                </TextEquiv>
            </TextLine>
            <TextLine id="rX9wI_2l71" custom="readingOrder {index:70;}">
                <Coords points="2267,4839 3652,4847 3652,4791 3522,4773 2267,4785"/>
                <Baseline points="2276,4818 2344,4818 2412,4818 2481,4818 2549,4818 2618,4818 2686,4818 2754,4818 2823,4819 2891,4820 2960,4820 3028,4820 3096,4820 3165,4820 3233,4820 3302,4820 3370,4822 3438,4822 3507,4823 3575,4824 3644,4824"/>
                <Word id="rX9wI_2l71_w1" custom="readingOrder {index:0;}">
                    <Coords points="2274,4778 2274,4838 2441,4838 2441,4778"/>
                    <TextEquiv>
                        <Unicode>Quarto.</Unicode>
                    </TextEquiv>
                </Word>
                <Word id="rX9wI_2l71_w2" custom="readingOrder {index:1;}">
                    <Coords points="2458,4778 2458,4838 2536,4838 2536,4778"/>
                    <TextEquiv>
                        <Unicode>aa*;</Unicode>
                    </TextEquiv>
                </Word>
                <Word id="rX9wI_2l71_w3" custom="readingOrder {index:2;}">
                    <Coords points="2554,4778 2554,4838 2571,4838 2571,4778"/>
                    <TextEquiv>
                        <Unicode>A</Unicode>
                    </TextEquiv>
                </Word>
                <Word id="rX9wI_2l71_w4" custom="readingOrder {index:3;}">
                    <Coords points="2602,4778 2602,4838 2649,4838 2649,4778"/>
                    <TextEquiv>
                        <Unicode>BS</Unicode>
                    </TextEquiv>
                </Word>
                <Word id="rX9wI_2l71_w5" custom="readingOrder {index:4;}">
                    <Coords points="2667,4778 2667,4838 2738,4838 2738,4778"/>
                    <TextEquiv>
                        <Unicode>C°;</Unicode>
                    </TextEquiv>
                </Word>
                <Word id="rX9wI_2l71_w6" custom="readingOrder {index:5;}">
                    <Coords points="2756,4778 2756,4838 2875,4838 2875,4778"/>
                    <TextEquiv>
                        <Unicode>a-d8e</Unicode>
                    </TextEquiv>
                </Word>
                <Word id="rX9wI_2l71_w7" custom="readingOrder {index:6;}">
                    <Coords points="2893,4780 2893,4840 2947,4840 2947,4780"/>
                    <TextEquiv>
                        <Unicode>f6.</Unicode>
                    </TextEquiv>
                </Word>
                <Word id="rX9wI_2l71_w8" custom="readingOrder {index:7;}">
                    <Coords points="2970,4780 2970,4840 3012,4840 3012,4780"/>
                    <TextEquiv>
                        <Unicode>70</Unicode>
                    </TextEquiv>
                </Word>
                <Word id="rX9wI_2l71_w9" custom="readingOrder {index:8;}">
                    <Coords points="3036,4780 3036,4840 3179,4840 3179,4780"/>
                    <TextEquiv>
                        <Unicode>leaves,</Unicode>
                    </TextEquiv>
                </Word>
                <Word id="rX9wI_2l71_w10" custom="readingOrder {index:9;}">
                    <Coords points="3197,4780 3197,4840 3208,4840 3208,4780"/>
                    <TextEquiv>
                        <Unicode>4</Unicode>
                    </TextEquiv>
                </Word>
                <Word id="rX9wI_2l71_w11" custom="readingOrder {index:10;}">
                    <Coords points="3233,4780 3233,4840 3370,4840 3370,4780"/>
                    <TextEquiv>
                        <Unicode>blank.</Unicode>
                    </TextEquiv>
                </Word>
                <Word id="rX9wI_2l71_w12" custom="readingOrder {index:11;}">
                    <Coords points="3393,4782 3393,4842 3459,4842 3459,4782"/>
                    <TextEquiv>
                        <Unicode>72:</Unicode>
                    </TextEquiv>
                </Word>
                <Word id="rX9wI_2l71_w13" custom="readingOrder {index:12;}">
                    <Coords points="3477,4782 3477,4842 3518,4842 3518,4782"/>
                    <TextEquiv>
                        <Unicode>27</Unicode>
                    </TextEquiv>
                </Word>
                <Word id="rX9wI_2l71_w14" custom="readingOrder {index:13;}">
                    <Coords points="3542,4784 3542,4844 3655,4844 3655,4784"/>
                    <TextEquiv>
                        <Unicode>lines,</Unicode>
                    </TextEquiv>
                </Word>
                <TextEquiv>
                    <Unicode>Quarto. aa*; A BS C°; a-d8e f6. 70 leaves, 4 blank. 72: 27 lines,</Unicode>
                </TextEquiv>
            </TextLine>
            <TextLine id="rX9wI_2l72" custom="readingOrder {index:71;}">
                <Coords points="2252,4890 3649,4895 3618,4833 2252,4840"/>
                <Baseline points="2262,4872 2330,4872 2399,4874 2468,4874 2537,4874 2606,4874 2675,4874 2744,4874 2813,4874 2882,4874 2951,4874 3019,4874 3088,4874 3157,4874 3226,4874 3295,4874 3364,4876 3433,4876 3502,4876 3571,4876 3640,4876"/>
                <Word id="rX9wI_2l72_w1" custom="readingOrder {index:0;}">
                    <Coords points="2247,4832 2247,4892 2386,4892 2386,4832"/>
                    <TextEquiv>
                        <Unicode>52X98</Unicode>
                    </TextEquiv>
                </Word>
                <Word id="rX9wI_2l72_w2" custom="readingOrder {index:1;}">
                    <Coords points="2410,4834 2410,4894 2514,4894 2514,4834"/>
                    <TextEquiv>
                        <Unicode>mm.</Unicode>
                    </TextEquiv>
                </Word>
                <Word id="rX9wI_2l72_w3" custom="readingOrder {index:2;}">
                    <Coords points="2543,4834 2543,4894 2700,4894 2700,4834"/>
                    <TextEquiv>
                        <Unicode>Types:</Unicode>
                    </TextEquiv>
                </Word>
                <Word id="rX9wI_2l72_w4" custom="readingOrder {index:3;}">
                    <Coords points="2718,4834 2718,4894 2781,4894 2781,4834"/>
                    <TextEquiv>
                        <Unicode>150</Unicode>
                    </TextEquiv>
                </Word>
                <Word id="rX9wI_2l72_w5" custom="readingOrder {index:4;}">
                    <Coords points="2810,4834 2810,4894 2880,4894 2880,4834"/>
                    <TextEquiv>
                        <Unicode>G.,</Unicode>
                    </TextEquiv>
                </Word>
                <Word id="rX9wI_2l72_w6" custom="readingOrder {index:5;}">
                    <Coords points="2892,4834 2892,4894 2996,4894 2996,4834"/>
                    <TextEquiv>
                        <Unicode>title;</Unicode>
                    </TextEquiv>
                </Word>
                <Word id="rX9wI_2l72_w7" custom="readingOrder {index:6;}">
                    <Coords points="3013,4834 3013,4894 3060,4894 3060,4834"/>
                    <TextEquiv>
                        <Unicode>91</Unicode>
                    </TextEquiv>
                </Word>
                <Word id="rX9wI_2l72_w8" custom="readingOrder {index:7;}">
                    <Coords points="3083,4834 3083,4894 3153,4894 3153,4834"/>
                    <TextEquiv>
                        <Unicode>G.,</Unicode>
                    </TextEquiv>
                </Word>
                <Word id="rX9wI_2l72_w9" custom="readingOrder {index:8;}">
                    <Coords points="3170,4834 3170,4894 3327,4894 3327,4834"/>
                    <TextEquiv>
                        <Unicode>heading</Unicode>
                    </TextEquiv>
                </Word>
                <Word id="rX9wI_2l72_w10" custom="readingOrder {index:9;}">
                    <Coords points="3356,4836 3356,4896 3397,4896 3397,4836"/>
                    <TextEquiv>
                        <Unicode>on</Unicode>
                    </TextEquiv>
                </Word>
                <Word id="rX9wI_2l72_w11" custom="readingOrder {index:10;}">
                    <Coords points="3426,4836 3426,4896 3489,4896 3489,4836"/>
                    <TextEquiv>
                        <Unicode>52;</Unicode>
                    </TextEquiv>
                </Word>
                <Word id="rX9wI_2l72_w12" custom="readingOrder {index:11;}">
                    <Coords points="3513,4836 3513,4896 3571,4896 3571,4836"/>
                    <TextEquiv>
                        <Unicode>112</Unicode>
                    </TextEquiv>
                </Word>
                <Word id="rX9wI_2l72_w13" custom="readingOrder {index:12;}">
                    <Coords points="3600,4836 3600,4896 3646,4896 3646,4836"/>
                    <TextEquiv>
                        <Unicode>R.</Unicode>
                    </TextEquiv>
                </Word>
                <TextEquiv>
                    <Unicode>52X98 mm. Types: 150 G., title; 91 G., heading on 52; 112 R.</Unicode>
                </TextEquiv>
            </TextLine>
            <TextEquiv>
                <Unicode></Unicode>
            </TextEquiv>
        </TextRegion>
    </Page>
</PcGts>
