4645 6237
747 663 854 723 mm.
900 664 1059 724 Types:
1094 666 1162 726 144
1201 666 1276 726 G.,
1304 666 1406 726 title,
1434 666 1662 726 headlines,
1691 666 1776 726 first
1810 666 1884 726 line
1924 666 1969 726 of
1998 668 2162 728 chapter

739 716 953 776 headings;
969 718 1013 778 98
1040 718 1095 778 G.
1128 718 1331 778 Capitals;
1347 718 1418 778 also
1451 718 1594 778 capital
1616 718 1747 778 spaces
1769 718 1852 778 with
1885 718 2187 778 guide-letters.

756 766 926 826 Haebler
951 768 1014 828 63.
1052 770 1209 830 Vindel,
1229 770 1310 830 vol.
1329 770 1367 830 5,
1380 771 1424 831 p.
1443 772 1531 832 277,
1550 772 1619 832 no.
1638 772 1727 832 100.
1758 772 1859 832 Hain
1890 773 1979 833 3509
2010 774 2192 834 (1496').

753 819 1081 879 Gesamtkatalog
1116 822 1237 882 8161.

802 880 852 940 12,
869 880 970 940 title;
993 880 1026 940 1째
1060 880 1190 940 table;
1206 880 1262 940 52,
1279 881 1414 941 Forma
1442 882 1476 942 de
1504 882 1555 942 los
1577 882 1773 942 novicios;
1790 884 1880 944 91째,
1891 886 2188 946 Bonauentura,

741 934 897 994 Imagen
934 932 978 992 de
1010 932 1096 992 vida
1134 934 1462 994 (Soliloquium);
1495 934 1587 994 1162
1629 936 1931 996 Bonauentura,
1963 936 2039 996 Vna
2071 934 2189 994 breve

751 982 1037 1042 information;
1064 984 1153 1044 1212
1196 986 1493 1046 Bonauentura,
1519 986 1647 1046 Arbol
1668 986 1710 1046 de
1747 988 1774 1048 la
1806 988 1917 1048 vida;
1943 988 2055 1048 131b,
2082 986 2182 1046 Isaac

757 1032 797 1092 de
819 1035 951 1095 Syria,
968 1036 1013 1096 El
1030 1038 1156 1098 anima
1185 1038 1253 1098 que
1276 1038 1356 1098 ama
1384 1038 1396 1098 a
1424 1039 1521 1099 Dios
1539 1040 1612 1100 ...
1629 1040 1704 1100 (De
1727 1040 1972 1100 ordinatione
2000 1041 2194 1101 animae);

749 1088 847 1148 1666
890 1087 1117 1147 colophon.

806 1144 889 1204 The
925 1146 1066 1206 Forma
1097 1148 1326 1208 nouiciorum
1377 1148 1461 1208 here
1498 1148 1705 1208 attributed
1742 1148 1773 1208 to
1809 1148 2084 1208 Bonaventura
2116 1150 2142 1210 is
2173 1150 2188 1210 a

745 1196 908 1256 Spanish
949 1198 1173 1258 translation
1219 1198 1260 1258 of
1285 1199 1346 1259 the
1387 1200 1443 1260 De
1479 1200 1683 1260 exterioris
1714 1200 1755 1260 et
1785 1200 1979 1260 interioris
2014 1198 2188 1258 hominis

747 1248 1033 1308 compositione
1070 1250 1111 1310 of
1137 1250 1262 1310 David
1299 1251 1340 1311 de
1371 1252 1575 1312 Augusta,
1601 1254 1668 1314 but
1694 1254 1726 1314 is
1757 1254 1924 1314 retained
1965 1254 2090 1314 under
2121 1254 2178 1314 the

750 1302 861 1362 name
896 1302 934 1362 of
959 1302 1230 1362 Bonaventura
1259 1302 1317 1362 for
1346 1304 1632 1364 convenience.

811 1360 891 1420 The
928 1363 1132 1423 headlines
1164 1364 1222 1424 are
1260 1366 1442 1426 confined
1479 1368 1517 1428 to
1554 1368 1612 1428 the
1650 1368 1741 1428 first
1767 1368 1869 1428 tract
1901 1368 1971 1428 and
2008 1368 2094 1428 give
2131 1366 2190 1426 the

755 1416 930 1476 number
957 1416 994 1476 of
1020 1418 1079 1478 the
1110 1420 1232 1480 book.

804 1503 918 1563 270X
956 1505 1026 1565 183
1064 1508 1178 1568 mm.
1223 1508 1331 1568 Leaf
1362 1508 1375 1568 s
1413 1508 1426 1568 8
1463 1508 1540 1568 has
1572 1508 1762 1568 changed
1806 1508 1946 1568 places
1978 1508 2073 1568 with
2111 1508 2130 1568 t
2161 1508 2180 1568 8

756 1568 790 1628 in
824 1570 1028 1630 binding,
1049 1570 1124 1630 and
1240 1571 1253 1631 2
1287 1572 1376 1632 with
1506 1572 1547 1632 3.
1587 1572 1697 1632 With
1737 1572 1799 1632 the
1833 1572 2106 1632 book-stamp
2146 1570 2187 1630 of

749 1632 812 1692 the
843 1632 1113 1692 Bibliotheca
1145 1634 1422 1694 Heberiana.
1459 1634 1610 1694 Bound
1648 1636 1680 1696 in
1717 1634 1899 1694 vellum.

815 1706 1025 1766 Bought.

1919 1707 2002 1767 IB.
2027 1711 2192 1771 52404.

754 1922 1212 1982 GAGUINUS,
1246 1924 1583 1984 ROBERTUS.
1636 1924 1721 1984 De
1765 1924 1999 1984 puritate
2050 1922 2181 1982 con짭

815 2002 1093 2062 ceptionis
1131 2004 1364 2064 virginis
1401 2004 1649 2064 Mariae,
1671 2004 1769 2064 cum
1845 2003 1957 2063 aliis
1995 2002 2176 2062 operi짭

818 2081 956 2141 bus.
1002 2083 1084 2143 [In
1121 2081 1314 2141 verse.

1530 2085 1690 2145 After
1727 2086 1747 2146 7
1784 2083 1973 2143 April,
2002 2082 2162 2142 1498.

823 2178 877 2238 12.
905 2180 1068 2240 within
1109 2182 1314 2242 borders,
1335 2182 1560 2242 woodcut,
1580 2182 1648 2242 the
1683 2182 1818 2242 Virgin
1860 2183 1935 2243 and
1975 2185 2126 2245 Childl

766 2244 929 2304 TITLE:
949 2244 1139 2304 Roberti
1159 2246 1343 2306 gaguini
1362 2246 1408 2306 de
1441 2246 1625 2306 puritate
1697 2246 1874 2306 virginis
1907 2246 2031 2306 marie
2071 2243 2156 2303 Cum

753 2305 847 2365 alijs
868 2306 955 2366 eius
991 2306 1063 2366 dem
1114 2306 1345 2366 operibus.
1381 2306 1446 2366 Ib.
1468 2306 1648 2366 SACRO
1692 2305 2154 2365 THEOLOGORVM

763 2366 1076 2426 DOCTOrum
1140 2368 1390 2428 parisiensis
1425 2370 1656 2430 academiae
1697 2370 1871 2430 collegio
1913 2368 2129 2428 Robertus

751 2430 938 2490 gaguini
977 2430 1009 2490 in
1067 2430 1196 2490 eadem
1268 2431 1487 2491 academia
1538 2432 1757 2492 pontificii
1797 2432 1900 2492 iuris
1951 2428 2183 2488 insterpres

754 2490 920 2550 ordinis
944 2492 1099 2552 sanctae
1122 2492 1324 2552 trinitatis
1348 2494 1390 2554 de
1420 2494 1634 2554 redeptione
1693 2494 1943 2554 captiuorum
1996 2490 2186 2550 minister

760 2554 988 2614 generalis.
1041 2556 1257 2616 Salutem.
1356 2556 1466 2616 SCio
1506 2556 1762 2616 difficillimu
1808 2555 1892 2615 esse
1939 2554 1984 2614 de
2023 2554 2181 2614 pietate

750 2618 1102 2678 scribenti:...
1131 2620 1206 2680 22.
1229 2619 1296 2679 DE
1334 2618 1632 2678 PVRITATE
1677 2614 2133 2674 CONCEPTIONIS

759 2680 937 2740 uirginis
978 2679 1127 2739 mariae
1168 2678 1376 2738 aduersus
1429 2678 1678 2738 Vincentium
1749 2678 1797 2738 de
1844 2678 1933 2738 cas짭
1963 2678 2022 2738 tro
2070 2678 2176 2738 nouo

758 2742 896 2802 fratris
921 2742 1104 2802 Roberti
1123 2742 1306 2802 gaguini
1325 2742 1483 2802 ordinis
1508 2742 1691 2802 sanssctae
1716 2742 1911 2802 trinitatis
1943 2740 1987 2800 de
2013 2739 2182 2799 redem짭

755 2804 903 2864 ptione
928 2806 1181 2866 captiuorum
1231 2806 1299 2866 ge짭
1317 2806 1479 2866 neralis
1503 2804 1695 2864 ministri
1714 2804 1998 2864 concertatio.
2029 2802 2190 2862 Incipit

750 2867 965 2927 fliciter.
1037 2868 1122 2928 eSt
1141 2868 1259 2928 mihi
1278 2868 1369 2928 m챗ns
1395 2866 1474 2926 eqs
1500 2866 1532 2926 in
1571 2866 1604 2926 te
1637 2864 1891 2924 procurrere
1923 2865 2047 2925 telis:

758 2932 851 2992 22b,
864 2930 899 2990 l.
919 2930 985 2990 30,
1006 2930 1126 2990 END:
1147 2930 1201 2990 Et
1221 2928 1234 2988 i
1254 2928 1423 2988 desides
1449 2928 1530 2988 Ro.
1544 2928 1698 2988 eiusden
1718 2928 1785 2988 ga.
1799 2928 2020 2988 dialogus.
2054 2928 2196 2988 Finis.

814 3018 985 3078 Quarto.
1025 3020 1042 3080 a
1081 3019 1122 3079 b8
1155 3018 1195 3078 c6
1258 3018 1297 3078 22
1338 3018 1485 3078 leaves.
1531 3016 1599 3076 32:
1628 3015 1667 3075 30
1708 3014 1827 3074 lines,
1861 3014 2032 3074 168X86
2077 3014 2179 3074 (with

756 3070 977 3130 marginalia
1011 3070 1097 3130 106)
1114 3070 1222 3130 mm.
1250 3070 1416 3130 Types:
1433 3070 1501 3130 144
1529 3069 1598 3129 G.,
1621 3068 1723 3128 title;
1745 3068 1814 3128 111
1842 3068 1905 3128 R.,
1928 3068 2025 3128 text;
2047 3068 2087 3128 64
2121 3068 2172 3128 G.

754 3123 835 3183 text
864 3122 905 3182 of
940 3120 1133 3180 prefatory
1174 3120 1285 3180 letter
1319 3120 1360 3180 on
1407 3120 1448 3180 1째
1494 3120 1745 3180 marginalia.
1791 3118 1955 3178 Capital
1984 3118 2001 3178 S
2042 3118 2083 3178 on
2130 3116 2189 3176 1째.

762 3172 915 3232 Capital
947 3172 1061 3232 space
1105 3172 1192 3232 with
1236 3172 1492 3232 guide-letter
1530 3172 1573 3232 on
1622 3171 1666 3231 2*
1737 3170 1954 3230 Woodcut.
2003 3170 2193 3230 Borders.

754 3222 932 3282 Haebler
961 3225 1056 3285 286.

809 3282 849 3342 1째
903 3284 1091 3344 woodcut
1130 3284 1204 3344 and
1254 3284 1363 3344 title;
1402 3284 1441 3344 1b
1501 3284 1604 3344 sacro
1649 3282 1906 3342 theologorum
1975 3282 2163 3342 doctorum

750 3337 978 3397 parisiensis
1001 3334 1212 3394 academiae
1241 3334 1398 3394 collegio
1428 3336 1480 3396 R.
1498 3336 1737 3396 Gaguinus;
1755 3336 1813 3396 22,
1837 3335 1878 3395 de
1901 3333 2070 3393 puritate
2100 3330 2187 3390 con-

754 3388 947 3448 ceptionis
976 3387 1141 3447 uirginis
1169 3386 1306 3446 Mariae
1335 3386 1523 3446 aduersus
1551 3386 1779 3446 Vincentium
1830 3384 1875 3444 de
1904 3384 2040 3444 Castro
2069 3382 2183 3442 Nouo

757 3440 1022 3500 concertatio;
1049 3438 1117 3498 122
1160 3438 1197 3498 ad
1234 3438 1366 3498 beatam
1420 3438 1589 3498 uirginem
1647 3437 1838 3497 Mariam;
1870 3436 1955 3496 12째,
1976 3436 2018 3496 ad
2055 3434 2161 3494 diuam

763 3490 954 3550 Mariam;
991 3490 1076 3550 132,
1102 3490 1140 3550 ad
1182 3490 1293 3550 diuam
1357 3488 1500 3548 Mariam
1558 3487 1680 3547 oratio
1718 3486 1887 3546 carmine
1924 3486 2163 3546 asclepiadeo

759 3543 839 3603 13째,
860 3541 972 3601 oratio
1004 3540 1221 3600 dominica;
1242 3540 1370 3600 sancti
1386 3538 1588 3598 saluatoris
1609 3538 1731 3598 imago
1763 3538 1928 3598 uiatores
1954 3538 2189 3598 alloquitur;

746 3594 829 3654 142,
850 3592 895 3652 de
928 3592 1087 3652 Christi
1104 3590 1307 3650 natiuitate
1340 3590 1494 3650 carmen
1532 3592 1851 3652 asclepiadeum;
1879 3590 1961 3650 14째,
1989 3588 2027 3648 ad
2061 3587 2186 3647 pni짭

759 3644 887 3704 tentes
904 3644 968 3704 pro
992 3642 1143 3702 Christi
1154 3642 1329 3702 passione
1352 3642 1591 3702 consolatio;
1608 3642 1690 3702 152,
1701 3642 1742 3702 de
1760 3642 1882 3702 morte
1905 3639 2050 3699 Christi
2068 3637 2184 3697 medi-

764 3694 877 3754 tatio;
903 3694 965 3754 162
1012 3694 1048 3754 de
1079 3692 1280 3752 natiuitate
1312 3692 1440 3752 nostri
1461 3692 1689 3752 saluatoris;
1714 3690 1756 3750 de
1787 3690 1828 3750 eo
1859 3690 1957 3750 quod
1993 3690 2159 3750 scriptum

749 3746 822 3806 est,
848 3744 988 3804 mulier
1019 3744 1155 3804 amicta
1191 3744 1296 3804 sole;
1322 3743 1358 3803 ad
1399 3742 1550 3802 diuinam
1608 3742 1733 3802 nostri
1759 3742 1962 3802 saluatoris
1993 3740 2185 3800 matrem;

747 3797 829 3857 16째,
859 3796 900 3856 ad
941 3794 1135 3854 eandem;
1164 3794 1200 3854 in
1241 3794 1412 3854 angelica
1447 3794 1711 3854 salutatione;
1747 3794 1812 3854 17째
1865 3794 1900 3854 ad
1941 3792 1988 3852 d.
2018 3791 2164 3851 Paulum

748 3846 999 3906 apostolum;
1027 3846 1090 3906 182
1124 3846 1158 3906 in
1187 3846 1278 3906 cena
1307 3844 1478 3904 domini;
1506 3844 1569 3904 192
1603 3844 1786 3904 Christum
1837 3842 1877 3902 ad
1906 3842 2037 3902 crucem
2094 3840 2186 3900 duci

748 3898 915 3958 loannes
949 3898 1077 3958 Mari챈
1122 3896 1306 3956 nunciat;
1334 3894 1485 3954 Mariae
1519 3894 1782 3954 responsum;
1810 3894 1877 3954 202
1921 3894 2156 3954 Epitaphium

758 3950 965 4010 Laurentii
986 3948 1156 4008 Burelli;
1183 3946 1325 4006 alterum
1379 3944 1531 4004 eiusdem
1586 3942 1859 4002 epitaphium;
1880 3942 2011 4002 uxoris
2044 3942 2180 4002 umbra

746 4000 946 4060 merentem
997 3998 1043 4058 de
1071 3997 1157 4057 eius
1186 3996 1305 4056 morte
1339 3996 1505 4056 maritum
1562 3994 1797 4054 alloquitur;
1825 3994 1888 4054 20째
1934 3994 1973 4054 ad
2008 3994 2156 4054 Mariam

754 4052 976 4112 uirginem;
1010 4050 1238 4110 epitaphium
1302 4048 1460 4108 Ioannis
1494 4048 1541 4108 de
1576 4046 1716 4106 Porta;
1751 4046 1792 4106 de
1827 4046 2031 4106 repentino
2072 4046 2177 4106 obitu

767 4102 895 4162 Caroli
917 4102 1051 4162 octaui
1073 4102 1173 4162 regis
1201 4100 1406 4160 francorum
1456 4098 1723 4158 epigramma;
1745 4096 1834 4156 212,
1857 4096 1990 4156 umbra
2018 4096 2179 4156 Adeline

748 4154 1046 4214 Cornubensis;
1085 4152 1124 4212 ad
1169 4150 1315 4210 Paulum
1382 4148 1612 4208 Emylium;
1646 4146 1876 4206 adolescens
1910 4146 2022 4206 senem
2089 4146 2179 4206 allo짭

759 4205 916 4265 quitur;
937 4204 1003 4264 21째
1046 4202 1144 4262 senis
1172 4200 1400 4260 responsio;
1421 4198 1617 4258 quemque
1644 4198 2030 4258 infortunatissimum
2079 4198 2176 4258 nolle

755 4256 834 4316 uita
863 4254 1045 4314 defungi,
1062 4254 1097 4314 ad
1131 4252 1296 4312 Faustum
1347 4250 1524 4310 poetam;
1547 4250 1609 4310 222
1644 4248 1672 4308 in
1706 4248 1855 4308 desides
1883 4250 2083 4310 dialogus;
2105 4251 2167 4311 22째

746 4308 950 4368 Antonius
973 4307 1129 4367 Carrion
1165 4305 1206 4365 d.
1225 4304 1434 4364 Michaelis
1464 4302 1691 4362 scolasticus
1715 4300 1751 4360 ad
1787 4300 1996 4360 lectorem;
2019 4302 2115 4362 table
2145 4303 2187 4363 of

762 4358 969 4418 contents.

819 4416 897 4476 The
925 4418 1032 4478 death
1060 4418 1104 4478 of
1121 4418 1284 4478 Charles
1311 4416 1413 4476 VIII
1435 4416 1552 4476 which
1580 4415 1608 4475 is
1631 4414 1692 4474 the
1720 4414 1871 4474 subject
1894 4414 1933 4474 of
1955 4414 1988 4474 an
2023 4416 2173 4476 epigram

770 4472 867 4532 (20b)
890 4471 976 4531 took
1004 4470 1108 4530 place
1136 4470 1176 4530 on
1210 4470 1227 4530 7
1256 4470 1388 4530 April,
1411 4470 1526 4530 1498.

820 4531 850 4591 In
885 4530 945 4590 his
969 4529 1160 4589 prefatory
1189 4528 1297 4588 letter
1321 4528 1428 4588 dated
1470 4529 1482 4589 1
1505 4530 1696 4590 October,
1726 4528 1840 4588 1497,
1863 4527 2013 4587 Gaguin
2042 4524 2197 4584 writes:

764 4584 841 4644 Scio
875 4582 1130 4642 difficillimum
1175 4580 1252 4640 esse
1281 4580 1319 4640 de
1342 4580 1480 4640 pietate
1508 4580 1697 4640 scribenti
1714 4580 1758 4640 ..
1775 4579 1786 4639 .
1803 4578 1997 4638 praeterire
2025 4576 2186 4636 impune

751 4634 969 4694 calumnias
995 4632 1250 4692 inuidorum.
1287 4631 1402 4691 Stant
1428 4630 1511 4690 enim
1558 4630 1683 4690 passim
1735 4628 1891 4688 arrectis
1922 4629 2079 4689 auribus
2110 4630 2177 4690 non

756 4686 811 4746 tam
861 4684 1035 4744 vindices
1062 4683 1236 4743 falsitatis
1264 4682 1359 4742 quam
1409 4682 1548 4742 aliorum
1599 4682 1800 4742 benefacta
1828 4680 2057 4740 perosi...
2073 4679 2185 4739 Quod

753 4738 866 4798 supra
895 4736 1044 4796 aliquot
1061 4734 1180 4794 annos
1203 4733 1386 4793 comperi
1403 4732 1574 4792 euenisse
1602 4732 1626 4792 in
1660 4730 1716 4790 illo
1745 4730 1887 4790 tantillo
1917 4730 2041 4790 codice
2071 4730 2161 4790 quem

762 4788 1011 4848 defendendi
1027 4786 1192 4846 virginei
1207 4785 1388 4845 candoris
1409 4784 1446 4844 et
1467 4784 1589 4844 Marie
1616 4782 1833 4842 innocentie
1860 4782 1967 4842 causa
1993 4782 2168 4842 edideram

755 4842 829 4902 ...
846 4840 920 4900 Eam
966 4840 1006 4900 ob
1040 4839 1097 4899 rem
1143 4838 1349 4898 timoratus
1372 4836 1452 4896 ipse
1481 4836 1634 4896 libellum
1681 4836 1898 4896 recognoui
1920 4834 1949 4894 si
1972 4834 2058 4894 quid
2086 4834 2115 4894 in
2149 4834 2189 4894 eo

2236 666 2459 726 admisissem
2509 666 2608 726 quod
2648 664 2807 724 veritati
2827 664 3045 724 contrairet
3164 664 3278 724 Porro
3308 664 3398 724 quae
3422 664 3665 724 subobscura

2237 717 2352 777 erant
2371 720 2585 780 illustraui,
2610 719 2769 779 adiectis
2799 718 2953 778 aliquot
2977 716 3211 776 ratiunculis
3241 714 3330 774 quae
3355 714 3653 774 aduersariorum

2242 770 2438 830 iactantiae
2459 770 2494 830 et
2514 770 2681 830 gloriolis
2707 768 2934 828 occurrant.
2964 766 3035 826 Sed
3065 766 3131 826 non
3162 764 3303 824 idcirco
3333 765 3556 825 assertionis
3576 767 3672 827 meae

2244 820 2423 880 securus,
2448 820 2685 880 emittendam
2739 820 2753 880 e
2792 820 2870 880 sinu
2913 820 2996 880 meo
3035 818 3325 878 recognitionem
3384 818 3583 878 arrogaui,
3612 820 3689 880 nisi

2243 874 2348 934 prius
2373 872 2498 932 vestro
2528 870 2668 930 iudicio
2698 870 2828 930 omnia
2857 870 3117 930 subiicerem.

2304 934 2446 994 Gaguin
2478 936 2619 996 speaks
2646 935 2684 995 of
2706 934 2766 994 his
2793 934 2886 994 poem
2940 933 2978 993 as
3005 932 3113 992 lately
3146 932 3353 992 published
3385 930 3413 990 in
3451 930 3467 990 a
3494 932 3608 992 letter
3635 932 3673 992 of

2251 986 2292 1046 21
2321 988 2537 1048 February,
2561 986 2655 1046 1489
2684 986 2760 1046 (pt.
2777 986 2865 1046 viii,
2882 987 2923 1047 p.
2947 989 3028 1049 96).

2286 1048 2444 1108 Entered
2477 1048 2523 1108 by
2550 1048 2708 1108 Proctor
2736 1048 2821 1108 (no.
2838 1046 2956 1106 9619)
2978 1046 3102 1106 under
3124 1046 3271 1106 Spain,
3288 1046 3496 1106 Unknown
3530 1044 3677 1104 Places.

2301 1110 2378 1170 The
2412 1112 2473 1172 cut
2495 1112 2540 1172 of
2562 1112 2618 1172 the
2651 1112 2773 1172 Virgin
2807 1110 2874 1170 and
2912 1110 3018 1170 Child
3052 1110 3135 1170 (12)
3152 1109 3352 1169 measures
3380 1108 3524 1168 51X62
3552 1108 3657 1168 mm.

2305 1218 2415 1278 2ooX
2456 1218 2525 1278 142
2560 1218 2677 1278 mm.
2723 1216 2873 1276 Bound
2914 1215 2949 1275 in
2995 1212 3460 1272 nineteenth-century
3500 1215 3674 1275 quarter

2241 1282 2333 1342 blue
2365 1280 2663 1340 hard-grained
2700 1280 2892 1340 morocco
2923 1278 2961 1338 at
2973 1278 3035 1338 the
3066 1278 3216 1338 British
3246 1278 3432 1338 Museum
3482 1278 3681 1338 bindery.

3406 1352 3495 1412 IA.
3517 1355 3687 1415 52405.

2310 1356 2490 1416 Bought
2512 1356 2541 1416 in
2577 1356 2700 1416 July,
2728 1356 2859 1416 1866.

2262 1674 2573 1734 GARCIA,
2599 1674 2945 1734 BONIFACIO.
2988 1674 3309 1734 Peregrina.
3344 1672 3491 1732 [The
3526 1670 3664 1730 gloss

2318 1755 2471 1815 alone
2512 1756 2576 1816 by
2617 1752 2899 1812 Bonifacio
2948 1750 3182 1810 Garcia.

2988 1819 3085 1879 *20
3130 1830 3475 1890 December,
3511 1828 3679 1888 1498.

2305 1932 2408 1992 PART
2429 1932 2477 1992 I:
2490 1932 2553 1992 12.
2566 1932 2786 1992 woodcut
2807 1931 2944 1991 within
2972 1930 3151 1990 borders
3212 1928 3378 1988 TITLE:
3392 1928 3412 1988 P
3439 1927 3687 1987 (woodcut)

2255 1996 2435 2056 eregrina
2498 1996 2734 2056 (type-set)
2755 1994 2776 2054 A
2818 1994 3102 2054 compilatore
3131 1992 3325 2052 glosarum
3408 1990 3519 2050 dicta
3547 1990 3679 2050 Boni짭

2255 2059 2378 2119 facia.
2432 2058 2494 2118 22.
2524 2058 2655 2118 (text)
2679 2056 2925 2116 ABBAS
2987 2058 3187 2118 cleric?
3256 2056 3356 2116 ...
3387 2055 3533 2115 (ibid.,
3564 2053 3679 2113 com짭

2248 2120 2464 2180 mentary)
2490 2119 2799 2179 SAcratissime
2838 2118 3041 2178 assistant
3061 2118 3179 2178 mihi
3238 2116 3422 2176 presidia
3454 2114 3677 2174 trinitatis.

2253 2184 2363 2244 ...
2410 2184 2540 2244 299a.
2567 2184 2588 2244 C
2642 2182 2813 2242 Incipit
2847 2180 2990 2240 tabula
3032 2178 3182 2238 breuis
3222 2176 3264 2236 ac
3305 2176 3503 2236 perutilis
3543 2176 3673 2236 huius

2258 2244 2429 2304 volumil
2442 2247 2593 2307 nis...
2626 2246 2750 2306 302b,
2764 2246 2849 2306 col.
2862 2244 2902 2304 2,
2915 2243 2941 2303 l.
2954 2242 3000 2302 8,
3013 2241 3138 2301 END:
3158 2239 3348 2299 Luxuria
3408 2238 3473 2298 fo.
3486 2239 3683 2299 cexcviij.

2265 2306 2359 2366 PART
2391 2308 2460 2368 II:
2492 2308 2561 2368 12.
2586 2308 2606 2368 C
2650 2306 2814 2366 Incipit
2845 2305 2984 2365 tabula
3022 2302 3149 2362 huius
3180 2301 3370 2361 secunde
3407 2300 3540 2360 partis
3571 2300 3678 2360 dicti

2252 2369 2523 2429 voluminis
2543 2370 2620 2430 ...
2654 2370 2724 2430 52.
2738 2370 2870 2430 (text)
2883 2366 3112 2426 MAgnus.
3134 2365 3203 2425 Vi짭
3238 2364 3300 2424 de.
3321 2364 3467 2424 iudex.
3488 2364 3529 2424 12

2257 2431 2363 2491 testis
2397 2433 2543 2493 .6..
2563 2434 2617 2494 ..
2637 2432 2783 2492 (ibid.,
2811 2429 3130 2489 commentary)
3158 2426 3391 2486 MAgnus.
3431 2426 3524 2486 Que
3558 2426 3670 2486 dicat

3018 2492 3148 2552 258b,
3181 2491 3265 2551 col.
3298 2490 3343 2550 2,
3383 2488 3682 2548 COLOPHON:

2247 2495 2399 2555 magna
2442 2495 2487 2555 vl
2575 2494 2664 2554 pua
2701 2492 2853 2552 causa.

2251 2554 2264 2614 C
2308 2556 2491 2616 Exactuz
2530 2555 2834 2615 absolutumque
2853 2554 2929 2614 hoc
2960 2552 3201 2612 preclasrum
3258 2552 3347 2612 atque
3366 2550 3537 2610 insigne
3569 2550 3676 2610 opus

2253 2618 2497 2678 Peregrine.
2593 2618 2799 2678 mandato
2843 2616 2972 2676 opera
3023 2615 3062 2675 et
3107 2614 3313 2674 impensis
3364 2614 3518 2674 Lazari
3621 2615 3666 2675 de

2272 2682 2445 2742 azanis:
2472 2681 2706 2741 sociorumque.
2752 2678 3000 2738 Impressuz
3033 2677 3054 2737 p
3140 2676 3220 2736 nos
3254 2676 3514 2736 Meynardum
3541 2674 3681 2734 vngut

2265 2742 2468 2802 ilemanum.
2493 2744 2531 2804 et
2594 2743 2822 2803 Stanislaum
2847 2740 3000 2800 polonu
3038 2738 3177 2798 socios
3203 2736 3329 2796 Anno
3361 2736 3392 2796 in
3456 2736 3684 2796 carnationis

2256 2804 2464 2864 salutifere
2501 2805 2526 2865 .M
2589 2804 2841 2864 ccccxcviij.
2911 2802 2974 2862 die
3011 2800 3100 2860 vero
3138 2798 3339 2858 vicesimo
3371 2798 3503 2858 m챗sis
3535 2798 3673 2858 Dec챗짭

2251 2868 2359 2928 bris.
2455 2868 2584 2928 (red)
2618 2868 2788 2928 DEVICE
2836 2866 2904 2926 Jof
2944 2864 3101 2924 Lazaro
3149 2862 3196 2922 de
3250 2862 3435 2922 Gazanis
3482 2862 3557 2922 and
3611 2862 3672 2922 his

2267 2930 2593 2990 companions.

2298 3016 2426 3076 Folio.
2467 3016 2560 3076 Part
2589 3016 2630 3076 I:
2653 3016 2746 3076 a-d8
2776 3015 2816 3075 e
2845 3014 2904 3074 f-z
2939 3014 2956 3074 z
2985 3014 3108 3074 A-N째
3131 3014 3212 3074 O4;
3242 3013 3288 3073 (i,
3311 3012 3393 3072 ii)'.
3434 3013 3498 3073 302
3539 3014 3684 3074 leaves,

2257 3068 2367 3128 2-298
2401 3068 2617 3128 numbered
2655 3066 2894 3126 ij-cexcviij,
2922 3066 3005 3126 with
3043 3064 3187 3124 errors.
3232 3063 3321 3123 Part
3354 3062 3531 3122 II::
3559 3062 3669 3122 aa-zz

2276 3118 2446 3178 A-HH째
2469 3120 2526 3180 II째
2583 3118 2645 3178 258
2680 3118 2822 3178 leaves,
2839 3116 2958 3176 5-258
2987 3114 3203 3174 numbered
3232 3114 3573 3174 cexcix-ceccclij,
3590 3114 3670 3174 with

2271 3170 2389 3230 rrors.
2436 3170 2447 3230 2
2488 3170 2689 3230 columns.
2730 3168 2797 3228 Pt.
2824 3168 2855 3228 i,
2880 3166 2947 3226 62:
2979 3166 3020 3226 56
3056 3164 3154 3224 lines
3191 3164 3232 3224 of
3258 3164 3553 3224 commentary,
3584 3166 3666 3226 with

2254 3222 2444 3282 marginal
2471 3222 2623 3282 letters,
2650 3220 2917 3280 surrounding
2960 3218 2999 3278 35
3037 3216 3134 3276 lines
3172 3216 3211 3276 of
3243 3216 3341 3276 text,
3373 3216 3444 3276 and
3482 3216 3683 3276 headline,

2282 3274 2311 3334 30
2351 3274 2462 3334 (242)
2473 3272 2491 3332 X
2519 3272 2584 3332 170
2624 3271 2734 3331 (172)
2757 3270 2862 3330 mm.
2902 3268 3065 3328 Types:
3088 3268 3158 3328 144
3192 3268 3262 3328 G.,
3291 3268 3431 3328 second
3465 3268 3534 3328 and
3570 3268 3668 3328 third

2268 3322 2342 3382 ines
2374 3323 2417 3383 of
2449 3324 2550 3384 title,
2576 3322 2806 3382 headlines;
2837 3321 2906 3381 111
2944 3320 3018 3380 G.,
3045 3318 3141 3378 text,
3173 3318 3391 3378 colophon,
3418 3318 3610 3378 headings
3647 3320 3689 3380 of

2258 3376 2542 3436 commentary;
2570 3374 2610 3434 82
2644 3374 2712 3434 G.,
2735 3372 3030 3432 commentary;
3052 3370 3097 3430 98
3132 3370 3200 3430 G.,
3222 3368 3347 3428 table.
3381 3368 3575 3428 Capitals,
3603 3368 3671 3428 also

2260 3426 2401 3486 spaces.
2433 3426 2678 3486 Lombards.
2711 3426 2885 3486 Haebler
2906 3424 2972 3484 73.
3004 3424 3167 3484 Vindel,
3184 3422 3265 3482 vol.
3281 3422 3319 3482 5,
3341 3422 3379 3482 p.
3401 3422 3488 3482 301,
3509 3422 3574 3482 no.
3596 3423 3684 3483 112.

2280 3480 2351 3540 Iain
2389 3480 2511 3540 3630.

2285 3536 2318 3596 It
2347 3536 2375 3596 is
2408 3536 2601 3596 probable
2634 3535 2719 3595 that
2748 3534 2809 3594 the
2849 3534 2934 3594 text
2962 3532 3001 3592 of
3029 3532 3092 3592 the
3131 3530 3233 3590 legal
3261 3530 3475 3590 dictionary
3514 3530 3672 3590 entitled

2258 3587 2453 3647 Peregrina
2485 3586 2518 3646 is
2551 3586 2615 3646 the
2654 3584 2751 3644 work
2795 3584 2838 3644 of
2871 3582 3045 3642 Gonzalo
3082 3580 3283 3640 Gonzalez
3321 3580 3364 3640 de
3408 3580 3680 3640 Bustamante,

2278 3638 2386 3698 ishop
2420 3638 2460 3698 of
2482 3637 2648 3697 Segovia
2682 3636 2876 3696 1389-92,
2893 3634 3097 3694 translated
3132 3632 3211 3692 from
3263 3632 3422 3692 Spanish
3456 3632 3536 3692 into
3570 3632 3672 3692 Latin

2267 3690 2312 3750 ind
2358 3689 2540 3749 supplied
2580 3688 2671 3748 with
2717 3687 2734 3747 a
2773 3686 2876 3746 gloss
2915 3685 2961 3745 by
3006 3684 3206 3744 Bonifacio
3251 3682 3416 3742 Garcia,
3450 3684 3683 3744 Lusitanus.

2264 3740 2301 3800 J.
2322 3740 2433 3800 Zarco
2471 3740 2640 3800 Cuevas,
2667 3738 2847 3798 Cat찼logo
2880 3736 2922 3796 de
2948 3735 3002 3795 los
3028 3734 3294 3794 manuscritos
3320 3732 3548 3792 castellanos
3580 3734 3617 3794 de
3649 3735 3675 3795 la

2276 3790 2300 3850 l.
2324 3790 2537 3850 Biblioteca
2573 3790 2614 3850 de
2644 3790 2686 3850 el
2709 3788 2905 3848 Escorial,
2929 3788 3012 3848 vol.
3035 3786 3047 3846 3
3089 3786 3243 3846 (1929),
3267 3784 3338 3844 pp.
3362 3784 3433 3844 86,
3457 3784 3528 3844 87;
3552 3784 3605 3844 R.
3635 3784 3676 3844 de

2272 3842 2377 3902 Jrenna
2405 3842 2416 3902 y
2449 3840 2683 3900 Smenjaud,
2705 3838 2783 3898 Los
2805 3836 3043 3896 Incunables
3071 3834 3254 3894 juridicos
3282 3834 3321 3894 de
3355 3834 3505 3894 Espana
3532 3836 3682 3896 (1929),

2276 3894 2398 3954 31.)
2446 3892 2483 3952 In
2526 3892 2584 3952 the
2621 3889 2813 3949 foreword
2855 3888 2914 3948 the
2956 3886 3249 3946 commentator
3281 3886 3414 3946 names
3451 3886 3611 3946 himself
3643 3886 3680 3946 as

2263 3942 2490 4002 3onifacius,
2517 3942 2599 4002 'filio
2631 3940 2815 4000 quondam
2864 3938 2973 3998 Petri
2994 3937 3114 3997 garsie
3141 3936 3412 3996 ulixbonensis
3444 3936 3607 3996 ciuitatis
3639 3936 3666 3996 in

2268 3994 2358 4054 egno
2390 3992 2602 4052 portugalie
2629 3991 2666 4051 et
2687 3990 2932 4050 serenissime
2958 3988 3112 4048 domine
3144 3988 3287 4048 loanne
3314 3988 3441 4048 regine
3468 3986 3617 4046 castelle
3649 3986 3680 4046 et

2263 4044 2405 4104 egionis
2439 4044 2593 4104 auditor
2627 4042 2735 4102 [sicl'
2757 4042 2820 4102 (22
2865 4040 2945 4100 col.
2968 4040 2984 4100 I
3018 4039 3348 4099 (commentary),
3371 4038 3416 4098 Il.
3439 4038 3575 4098 31-3).
3615 4039 3672 4099 He

2276 4094 2395 4154 irther
2422 4096 2590 4156 remarks
2617 4094 2752 4154 (ibid.,
2769 4094 2812 4154 Il.
2833 4092 3001 4152 46-50):
3028 4090 3126 4150 Ideo
3159 4089 3229 4149 non
3261 4088 3392 4148 tacebo
3424 4088 3435 4148 a
3467 4088 3608 4148 quibus
3635 4089 3662 4149 in

2266 4146 2313 4206 loc
2350 4146 2546 4206 volumine
2589 4145 2732 4205 scripta
2774 4142 2997 4202 ruminaui.
3039 4141 3087 4201 Et
3119 4140 3246 4200 primo
3283 4140 3362 4200 iure
3405 4140 3591 4200 canonico
3628 4140 3664 4200 ab

2271 4196 2504 4256 nnocencio.
2532 4196 2673 4256 Ioanne
2700 4194 2857 4254 andree.
2873 4193 2906 4253 et
2922 4192 3188 4252 speculatore.
3215 4190 3264 4250 Et
3280 4190 3356 4250 iure
3378 4190 3497 4250 ciuili.
3513 4190 3524 4250 a
3546 4192 3681 4252 chino.

2281 4248 2445 4308 artholo.
2466 4248 2599 4308 baldo.
2620 4248 2794 4308 saliceto.
2831 4246 2879 4306 Et
2901 4246 2916 4306 a
2943 4246 3017 4306 iure
3049 4244 3282 4304 municipali
3303 4243 3451 4303 castelle
3483 4244 3610 4304 regni.

2292 4307 2376 4367 The
2406 4312 2538 4372 device
2568 4309 2598 4369 is
2622 4306 2820 4366 Juchhoff
2844 4311 2910 4371 99.

2298 4368 2375 4428 The
2401 4371 2593 4431 title-cut,
2614 4372 2682 4432 115
2703 4372 2791 4432 X81
2811 4371 2931 4431 mm.,
2946 4370 3211 4430 representing
3243 4368 3299 4428 the
3330 4368 3440 4428 royal
3455 4368 3559 4428 arms
3580 4368 3663 4428 with

2278 4424 2307 4484 ne
2336 4424 2452 4484 motto
2487 4424 2668 4484 TANTO
2708 4422 2894 4482 MTA,
2911 4422 2941 4482 is
2964 4421 3167 4481 contained
3203 4420 3331 4480 within
3359 4418 3545 4478 borders.

3392 4476 3422 4536 ..

2298 4514 2521 4574 297X210
2552 4513 2670 4573 mm.
2701 4512 2962 4572 Imperfect,
2987 4509 3173 4569 wanting
3204 4508 3254 4568 ff.
3278 4508 3465 4568 cccxiii,
3489 4509 3681 4569 ccclxxx,

2277 4574 2325 4634 nd
2372 4576 2576 4636 ccclxxxv
2616 4576 2691 4636 (bb
2719 4576 2759 4636 8,
2793 4576 2828 4636 I1
2848 4575 2888 4635 2,
2922 4574 2998 4634 and
3045 4573 3160 4633 I17),
3194 4572 3228 4632 in
3276 4571 3391 4631 place
3439 4570 3486 4630 of
3534 4570 3663 4630 which

2278 4636 2315 4696 re
2345 4636 2525 4696 inserted
2556 4636 2674 4696 three
2705 4634 2841 4694 leaves
2866 4634 2897 4694 in
2934 4634 3219 4694 lithographic
3250 4632 3455 4692 facsimile
3485 4632 3529 4692 on
3566 4630 3671 4690 early

2287 4700 2406 4760 aper,
2420 4700 2513 4760 each
2547 4698 2833 4758 reproducing
2866 4698 2927 4758 the
2953 4696 3046 4756 text
3066 4696 3107 4756 of
3127 4696 3193 4756 mm
3240 4695 3286 4755 2b
3313 4694 3406 4754 (fol.
3426 4694 3679 4754 ccclxxxviii

2289 4761 2398 4821 erso)
2424 4762 2501 4822 and
2540 4762 2604 4822 mm
2661 4762 2707 4822 4째
2739 4762 2835 4822 (fol.
2861 4761 2983 4821 cccxc
3015 4758 3169 4818 recto),
3196 4758 3279 4818 but
3305 4757 3395 4817 with
3440 4758 3685 4818 headlines,

2293 4828 2472 4888 pliation,
2490 4826 2565 4886 and
2595 4826 2830 4886 signatures
2855 4823 3010 4883 altered
3041 4822 3072 4882 to
3103 4821 3183 4881 suit
3207 4820 3313 4880 their
3338 4820 3412 4880 new
3456 4820 3685 4880 positions.
