4288 6016
924 656 1188 716 Another
1224 660 1406 720 copy.

982 743 1060 803 276
1089 740 1103 800 x
1140 743 1211 803 198
1232 744 1348 804 mm.
1376 744 1642 804 Imperfect,
1663 744 1843 804 wanting
1871 744 2015 804 sheets
2043 747 2094 807 sil
2108 744 2123 804 4
2158 744 2231 804 and
2259 745 2295 805 sn
2345 748 2380 808 1,

926 806 1004 866 also
1036 808 1102 868 the
1135 808 1220 868 last
1240 808 1390 868 blank.
1430 808 1547 868 Fully
1580 808 1855 868 rubricated.
1895 808 1953 868 On
1993 808 2032 868 22
2058 808 2091 868 is
2117 808 2182 868 the
2208 804 2307 864 note
2340 804 2379 864 of

925 868 1172 928 ownership
1212 872 1258 932 of
1278 870 1352 930 the
1385 872 1646 932 Carmelites
1680 868 1726 928 of
1753 872 1914 932 Dijon.
1947 868 2061 928 From
2114 868 2188 928 the
2221 868 2374 928 library

925 932 970 992 of
990 936 1049 996 the
1075 932 1200 992 Duke
1226 932 1266 992 of
1285 932 1469 992 Sussex.
1496 935 1975 995 Eighteenth-century
2007 936 2165 996 French
2198 936 2375 996 crushed

929 1000 993 1060 red
1033 1000 1266 1060 morocco.

989 1081 1166 1141 Bought
1189 1084 1225 1144 in
1263 1083 1535 1143 December,
1565 1084 1697 1144 1846.

2112 1080 2201 1140 IB.
2220 1080 2390 1140 39066.

920 1340 1185 1400 BIBLIA
1238 1340 1598 1400 LATINA.

1185 1420 1448 1480 Between
1495 1424 1649 1484 July,
1673 1426 1851 1486 1476,
1875 1424 1971 1484 and
2006 1424 2173 1484 July,
2196 1428 2363 1488 1477.

985 1504 1100 1564 PART
1129 1507 1173 1567 I.
1215 1508 1288 1568 22.
1302 1508 1424 1568 (red)
1453 1508 1647 1568 Epistola
1684 1508 1806 1568 beati
1828 1505 2095 1565 hieronymi
2116 1508 2159 1568 ad
2203 1508 2389 1568 paulinum

930 1569 1032 1629 psby
1098 1568 1192 1628 terum
1214 1568 1251 1628 de
1280 1568 1441 1628 onibus
1462 1572 1616 1632 diuine
1637 1569 1827 1629 hystorie
1856 1572 1973 1632 libris
1995 1572 2170 1632 incipit.
2220 1572 2388 1632 (black)

925 1635 1078 1695 fRater
1111 1632 1359 1692 ambrosius
1392 1636 1459 1696 tua
1538 1632 1659 1692 mihi
1685 1636 1952 1696 munuscula
1985 1636 2133 1696 perfe¬
2160 1636 2260 1696 rens
2293 1636 2306 1696 .
2333 1637 2346 1697 .
2373 1640 2386 1700 .

934 1700 990 1760 52.
1018 1700 1138 1760 (red)
1166 1700 1336 1760 Incipit
1364 1696 1477 1756 liber
1512 1696 1709 1756 Bresith.
1731 1700 1900 1760 (black)
1935 1699 2013 1759 que
2055 1699 2133 1759 nos
2168 1700 2359 1760 Genesim

923 1763 1186 1823 dicimus.
1230 1764 1347 1824 Ca.j.
1384 1766 1508 1826 2442,
1537 1761 1662 1821 END:
1684 1764 1808 1824 Finit
1831 1764 2292 1824 psalterium.—PART
2321 1764 2386 1824 II.

930 1828 993 1888 22.
1022 1825 1149 1885 (red)
1184 1828 1290 1888 Epla
1333 1828 1403 1888 bti
1439 1824 1714 1884 Hieronymi
1750 1828 1955 1888 psbyteri
1990 1824 2032 1884 ad
2089 1824 2316 1884 Cromaciu

930 1888 1106 1948 Eliodou
1155 1888 1261 1948 epos
1296 1888 1346 1948 de
1388 1889 1508 1949 libris
1550 1888 1825 1948 Salomonis.
1868 1888 2016 1948 Ibid.,
2044 1888 2136 1948 col.
2171 1892 2213 1952 1,
2242 1892 2277 1952 l.
2305 1889 2390 1949 48:

930 1953 1044 2013 (red)
1065 1952 1180 2012 Finit
1202 1952 1424 2012 Epistola.
1452 1952 1625 2012 Incipit
1646 1952 1754 2012 liber
1775 1952 2098 2012 Prouerbiorum.
2134 1955 2256 2015 1442.
2270 1952 2384 2012 (red)

929 2016 1032 2076 Epla
1060 2016 1123 2076 bti
1144 2016 1413 2076 Hieronymi
1427 2016 1627 2076 pesbyteri
1648 2016 1682 2076 ad
1717 2016 1917 2076 Damasum
1973 2016 2091 2076 papam
2111 2016 2139 2076 in
2166 2016 2374 2076 quatuor¬

929 2080 1212 2140 euagelistas.
1247 2083 1372 2143 144°.
1385 2080 1503 2140 Finit
1523 2080 1634 2140 epla.
1669 2080 1780 2140 Incis
1794 2080 1855 2140 pit
1876 2080 2146 2140 argumentum
2166 2080 2195 2140 in
2222 2080 2382 2140 euange-

931 2146 991 2206 lium
1011 2144 1219 2204 secundum
1245 2144 1447 2204 matheum.
1480 2144 1614 2204 2402,
1634 2144 1922 2204 COLOPHON:

1048 2224 1116 2284 Me
1151 2224 1260 2284 duce
1288 2224 1418 2284 carpe
1445 2224 1582 2284 viam.
1624 2226 1712 2286 qui
1733 2224 1836 2284 celum
1857 2224 2090 2284 ascendere
2124 2224 2281 2284 gestis.

1109 2288 1225 2348 Vnde
1257 2288 1392 2348 orior.
1405 2288 1514 2348 deus
1541 2288 1598 2348 est
1624 2288 1701 2348 qui
1720 2288 1779 2348 me
1811 2288 2075 2348 descendere
2101 2288 2261 2348 iussit.

926 2356 993 2416 (v.
1016 2352 1082 2412 15)
1113 2352 1336 2412 Discipuli
1358 2352 1574 2412 ostendut
1597 2351 1678 2411 iter
1701 2352 1782 2412 hoc
1812 2352 1939 2412 factis
1961 2352 2222 2412 monitisqe;

1046 2417 1115 2477 Iam
1166 2415 1306 2475 tribus
1337 2412 1596 2472 vndecimus
1628 2415 1773 2475 lustris
1805 2416 1976 2476 francos
2007 2416 2291 2476 Ludouicus.

1103 2476 1315 2536 Rexerat.
1354 2480 1521 2540 vlricus
1546 2480 1766 2540 martinus
1791 2480 1953 2540 itemque
1972 2480 2177 2540 michael.

1111 2541 1210 2601 Orti
1231 2540 1471 2600 teutonia/
1493 2544 1606 2604 hanc
1634 2541 1747 2601 mihi
1776 2544 2058 2604 composuere
2094 2544 2258 2604 figuram.

1115 2604 1260 2664 Parisij
1279 2604 1368 2664 arte
1399 2606 1494 2666 sua.
1519 2607 1583 2667 me
1614 2608 1804 2668 correcta
1836 2607 2088 2667 vigilanter.

1113 2668 1294 2728 Venalem
1347 2672 1381 2732 in
1421 2669 1508 2729 vico
1542 2672 1689 2732 iacobi
1709 2672 1776 2732 sol
1796 2672 1957 2732 aureus
1985 2670 2138 2730 offert;

928 2752 1055 2812 2412.
1095 2749 1490 2809 Interpretationes
1543 2752 1831 2812 hebraicorum
1965 2752 2158 2812 nominum
2205 2748 2385 2808 feliciter

925 2816 1175 2876 incipiunt.
1216 2812 1348 2872 267b,
1376 2812 1466 2872 col.
1494 2816 1536 2876 2,
1570 2816 1695 2876 END:
1723 2816 1903 2876 Zuzim.
1931 2816 2181 2876 consiliantes
2216 2812 2285 2872 eos
2320 2814 2389 2874 vel

931 2880 1234 2940 consiliatores
1299 2876 1480 2936 eorum.

935 2952 1063 3012 Folio.
1095 2952 1186 3012 Part
1205 2952 1249 3012 I:
1269 2943 1397 3003 a-y1°
1417 2944 1430 3004 z
1462 2949 1532 3009 112.
1584 2952 1648 3012 244
1681 2952 1829 3012 leaves,
1848 2952 1906 3012 the
1932 2952 2021 3012 first
2041 2952 2183 3012 blank.
2215 2952 2305 3012 Part
2324 2954 2394 3014 II:

932 3006 1030 3066 A-Z
1080 3000 1191 3060 &1°;
1222 3002 1241 3062 A
1290 2996 1364 3056 B1°
1395 2999 1475 3059 C8.
1519 3000 1586 3060 268
1629 3004 1777 3064 leaves,
1809 3004 1870 3064 the
1907 3004 2000 3064 first
2031 3004 2098 3064 and
2142 3004 2216 3064 last
2246 3004 2388 3064 blank.

928 3059 938 3119 2
976 3056 1183 3116 columns,
1210 3059 1226 3119 3
1258 3057 1291 3117 in
1329 3056 1687 3116 Interpretationes
1719 3056 1812 3116 (last
1833 3056 1942 3116 three
1974 3056 2110 3116 quires
2143 3058 2186 3118 of
2213 3056 2300 3116 part
2327 3059 2392 3119 ii).

927 3108 995 3168 Pt.
1019 3111 1050 3171 i,
1088 3108 1149 3168 32:
1180 3108 1223 3168 48
1267 3108 1383 3168 lines,
1415 3108 1482 3168 274
1507 3108 1519 3168 X
1556 3106 1674 3166 187-8
1711 3108 1816 3168 mm.
1865 3108 1927 3168 Pt.
1958 3108 2007 3168 ii,
2038 3108 2156 3168 2432:
2186 3110 2230 3170 59
2273 3108 2365 3168 lines

932 3160 997 3220 268
1021 3157 1032 3217 X
1068 3158 1187 3218 197-8
1222 3158 1323 3218 mm.
1365 3156 1530 3216 Types:
1554 3160 1620 3220 114
1661 3160 1768 3220 SG.;
1791 3161 1833 3221 90
1869 3160 1945 3220 G.,
1969 3160 2141 3220 rubrics,
2171 3160 2360 3220 colophon

931 3212 1286 3272 Interpretationes
1314 3212 1592 3272 Hebraicorum
1636 3212 1876 3272 nominum,
1898 3212 2198 3272 guide-letters.
2231 3212 2393 3272 Capital

929 3264 1085 3324 spaces,
1108 3265 1190 3325 with
1225 3264 1526 3324 guide-letters.
1555 3264 1654 3324 Hain
1695 3264 1810 3324 3058.
1846 3264 2170 3324 Gesamtkatalog
2206 3264 2321 3324 4225.

982 3332 1225 3392 Reprinted,
1254 3332 1396 3392 mostly
1441 3332 1526 3392 with
1572 3332 1634 3392 the
1674 3332 1776 3392 same
1816 3332 2151 3392 page-contents,
2179 3332 2258 3392 from
2321 3332 2383 3392 the

930 3384 1068 3444 edition
1106 3384 1151 3444 of
1169 3384 1270 3444 Fust
1295 3384 1365 3444 and
1396 3384 1623 3444 Schoeffer,
1648 3384 1805 3444 Mainz,
1830 3388 1924 3448 1462
1956 3387 2044 3447 (IC.
2070 3387 2176 3447 101),
2202 3384 2284 3444 with
2321 3384 2378 3444 the

926 3437 1105 3497 addition
1141 3436 1177 3496 of
1201 3436 1260 3496 the
1291 3436 1673 3496 Interpretationes.

994 3502 1072 3562 The
1091 3504 1314 3564 statement
1327 3504 1360 3564 in
1386 3504 1445 3564 the
1472 3508 1668 3568 colophon
1694 3508 1720 3568 is
1746 3504 1851 3564 taken
1877 3504 1910 3564 to
1937 3508 2054 3568 imply
2087 3508 2165 3568 that
2191 3505 2309 3565 Louis
2329 3506 2388 3566 XI

932 3558 1001 3618 had
1035 3556 1071 3616 at
1094 3556 1152 3616 the
1181 3556 1273 3616 time
1302 3558 1343 3618 of
1367 3556 1535 3616 printing
1569 3556 1790 3616 completed
1819 3556 1952 3616 fifteen
1981 3556 2091 3616 years
2120 3556 2161 3616 of
2179 3556 2236 3616 his
2266 3560 2393 3620 reign,

931 3612 1002 3672 and
1043 3608 1132 3668 that
1168 3608 1232 3668 the
1274 3610 1381 3670 Bible
1422 3608 1617 3668 therefore
1658 3609 1824 3669 belongs
1865 3609 1895 3669 to
1936 3612 2001 3672 the
2043 3608 2232 3668 sixteenth
2279 3613 2391 3673 year,

930 3661 1103 3721 running
1134 3660 1215 3720 from
1270 3664 1307 3724 23
1339 3661 1450 3721 July,
1474 3664 1592 3724 1476,
1611 3664 1642 3724 to
1673 3664 1716 3724 22
1747 3664 1852 3724 July,
1877 3666 1994 3726 1477.

990 3728 1023 3788 In
1055 3728 1128 3788 this
1154 3728 1278 3788 book,
1298 3728 1330 3788 as
1350 3728 1383 3788 in
1409 3728 1468 3788 the
1501 3732 1645 3792 Magni
1664 3732 1704 3792 of
1724 3732 1822 3792 June
1842 3732 1875 3792 ?,
1894 3735 1993 3795 1477
2019 3732 2103 3792 (IB.
2117 3732 2281 3792 39080),
2300 3732 2385 3792 type

932 3784 1000 3844 114
1040 3780 1125 3840 SG.
1148 3780 1324 3840 contains
1352 3784 1392 3844 an
1425 3784 1646 3844 admixture
1681 3784 1721 3844 of
1743 3784 1908 3844 capitals
1936 3784 2015 3844 from
2067 3784 2106 3844 90
2140 3786 2214 3846 G.,
2237 3784 2271 3844 as
2299 3784 2389 3844 well

929 3838 970 3898 as
1000 3836 1041 3896 of
1065 3836 1076 3896 a
1106 3836 1265 3896 smaller
1289 3836 1418 3896 roman
1454 3836 1507 3896 V.

1003 3914 1071 3974 380
1102 3908 1117 3968 x
1149 3908 1225 3968 275
1248 3912 1363 3972 mm.
1394 3908 1594 3968 Without
1609 3912 1678 3972 the
1701 3912 1878 3972 blanks.
1908 3912 2208 3972 Rubricated.
2238 3909 2384 3969 Type-

931 3977 1067 4037 pages
1089 3972 1294 4032 enclosed
1332 3972 1362 4032 in
1400 3972 1468 4032 red
1498 3976 1642 4036 rules.
1681 3976 1771 4036 The
1810 3976 1885 4036 last
1916 3972 1999 4032 leaf
2021 3976 2067 4036 of
2097 3973 2196 4033 part
2219 3972 2234 4032 i
2256 3972 2287 4032 is
2317 3972 2393 4032 cut

939 4037 1012 4097 out
1033 4036 1113 4096 and
1139 4036 1381 4096 mounted.
1427 4036 1574 4096 Bound
1615 4036 1641 4096 in
1675 4036 1755 4096 two
1782 4036 1983 4096 volumes
2009 4036 2042 4096 in
2076 4036 2256 4096 crushed
2290 4037 2383 4097 blue

934 4100 1164 4160 morocco,
1194 4100 1461 4160 gold-tooled
1506 4100 1735 4160 (probably
1781 4100 2003 4160 English),
2033 4100 2100 4160 the
2144 4100 2300 4160 tooling
2345 4100 2381 4160 as

936 4168 984 4228 on
1032 4164 1121 4224 IC.
1154 4164 1267 4224 9131
1307 4164 1549 4224 (Pelagius,
1581 4167 1622 4227 J.
1654 4164 1840 4224 Zainer,
1872 4168 2009 4228 Ulm,
2041 4170 2179 4230 1474)
2211 4168 2283 4228 and
2332 4168 2380 4228 on

937 4230 1022 4290 IA.
1045 4228 1186 4288 39097
1218 4224 1538 4284 (Guillermus,
1561 4228 1607 4288 p.
1631 4228 1701 4288 22,
1725 4228 1912 4288 below).

997 4308 1114 4368 King
1151 4308 1322 4368 George
1350 4308 1458 4368 III's
1485 4308 1594 4368 copy
1621 4312 1703 4372 (C.
1721 4312 1793 4372 13.
1820 4313 1865 4373 d.
1884 4320 1929 4380 3,
1947 4317 2019 4377 4).
2119 4312 2209 4372 IC.
2227 4312 2389 4372 39070.

933 4572 1321 4632 ANGELUS
1376 4572 1461 4632 [DE
1504 4570 2002 4630 GAMBILIONIBUS
2066 4568 2153 4628 DE
2206 4566 2389 4626 ARE¬

1010 4648 1191 4708 TIO.
1236 4652 1535 4712 Tractatus
1571 4651 2025 4711 maleficiorum.

1721 4712 1782 4772 *7
1822 4728 2190 4788 September,
2220 4732 2393 4792 1476.

996 4816 1059 4876 22.
1088 4816 1243 4876 Angeli
1271 4816 1314 4876 de
1349 4816 1491 4876 Aretio
1527 4814 1633 4874 legum
1654 4812 1844 4872 doctoris
1873 4815 2086 4875 tractatus
2121 4812 2163 4872 de
2199 4812 2390 4872 crimini¬

941 4880 1045 4940 bus.
1071 4880 1140 4940 seu
1218 4880 1279 4940 de
1305 4880 1556 4940 maleficijs.
1592 4880 1756 4940 incipit
1773 4877 1981 4937 feliciter.
2094 4876 2345 4936 Prologus;

2461 644 2802 704 SJEpenumero
2849 644 2982 704 mecum
3016 644 3163 704 animo
3203 641 3431 701 repetenti
3464 644 3704 704 verissimum
3738 644 3838 704 illud

2447 708 2630 768 stoicorû
2677 708 2821 768 videri
2853 708 2965 768 solet
2998 708 3018 768 .
3050 708 3064 768 .
3096 711 3116 771 .
3169 711 3293 771 147b,
3326 708 3621 768 COLOPHON:
3654 708 3818 768 Angeli
3851 711 3897 771 de

2454 772 2587 832 Aretio
2627 772 2721 832 legu
2762 772 2955 832 doctoris
2989 772 3203 832 tractatus
3236 771 3284 831 de
3323 772 3598 832 Criminibus
3638 772 3732 832 finit
3812 771 3905 831 Im¬

2447 833 2676 893 pressusqe
2690 836 2878 896 Parisius
2905 836 2982 896 per
3003 836 3211 896 Martinum
3238 832 3245 892 /
3266 836 3481 896 Vdalricum
3503 836 3516 896 /
3537 836 3572 896 et
3600 836 3843 896 Michaelem

2455 899 2574 959 Anno
2609 900 2623 960 a
2652 900 2884 960 natiuitate
2919 900 2997 960 dni
3025 900 3440 960 .M.CCCC.lxxvj.
3475 900 3560 960 Die
3595 900 3672 960 vij.
3693 900 3898 960 Septem¬

2452 964 2564 1024 bris.

2504 1056 2672 1116 Quarto.
2709 1054 2842 1114 a-o1°
2866 1056 2933 1116 p8.
2987 1056 3053 1116 148
3089 1056 3235 1116 leaves,
3259 1056 3320 1116 the
3350 1056 3440 1116 first
3464 1056 3531 1116 and
3568 1056 3640 1116 last
3664 1056 3803 1116 blank.
3839 1056 3906 1116 62:

2443 1108 2485 1168 40
2514 1108 2633 1168 lines,
2651 1108 2752 1168 180X
2781 1108 2900 1168 104-5
2929 1108 3031 1168 mm.
3060 1110 3203 1170 Type:
3214 1111 3256 1171 90
3285 1109 3339 1169 G.
3369 1109 3535 1169 Capital
3546 1109 3683 1169 spaces
3707 1109 3748 1169 on
3778 1112 3831 1172 22,
3849 1112 3908 1172 2b.

2449 1164 2549 1224 Hain
2589 1165 2708 1225 1624.

2512 1252 2581 1312 280
2608 1252 2630 1312 x
2664 1252 2733 1312 190
2768 1252 2886 1312 mm.
2914 1252 3121 1312 Without
3150 1252 3218 1312 the
3253 1252 3433 1312 blanks.
3475 1252 3593 1312 Fully
3634 1252 3904 1312 rubricated.

2450 1316 2637 1376 Beneath
2671 1316 2737 1376 the
2770 1316 2984 1376 colophon
3018 1316 3051 1376 is
3078 1316 3278 1376 written:
3311 1316 3398 1376 Iste
3432 1316 3538 1376 liber
3565 1316 3632 1376 est
3652 1316 3746 1376 mei
3765 1320 3905 1380 magri

2449 1384 2657 1444 stephanj
2679 1380 2729 1440 de
2758 1383 2923 1443 suyppe
2959 1380 3103 1440 pcuris
3132 1380 3176 1440 In
3211 1380 3326 1440 curia
3355 1380 3571 1440 plamenti
3592 1380 3736 1440 Thloe
3765 1380 3901 1440 [Tou-

2454 1444 2631 1504 lousel',
2665 1444 2759 1504 with
2814 1444 2882 1504 De
2929 1444 3154 1504 Suyppe's
3195 1444 3358 1504 formal
3392 1444 3644 1504 signature,
3677 1444 3752 1504 and
3813 1444 3901 1504 frat

2447 1508 2679 1568 ymbertus
2713 1508 2897 1568 barbeti
2924 1508 3040 1568 eiusô
3088 1506 3135 1566 de
3177 1508 3346 1568 suyppe
3388 1508 3564 1568 nepos'.
3613 1508 3905 1568 Eighteenth-

2453 1572 2628 1632 century
2666 1572 2828 1632 French
2865 1572 2972 1632 olive
3009 1572 3240 1632 morocco.

3633 1670 3728 1730 IB.
3747 1676 3908 1736 39073.

2511 1672 2690 1732 Bought
2712 1672 2743 1732 in
2787 1672 3071 1732 September,
3102 1672 3229 1732 1848.

2450 1971 2953 2031 FRANCISCUS
3003 1971 3094 2031 DE
3144 1972 3486 2032 PLATEA.
3536 1972 3697 2032 Opus
3737 1972 3898 2032 resti¬

2525 2052 2777 2112 tutionum
2852 2054 3120 2114 usurarum
3186 2052 3886 2112 excommunicationum.

3298 2141 3317 2201 4
3366 2136 3645 2196 January,
3675 2139 3810 2199 1476
3848 2137 3906 2197 7.

2508 2238 2572 2298 12.
2611 2236 2881 2296 Questiones
2920 2236 3055 2296 huius
3094 2236 3307 2296 tractatus
3352 2236 3564 2296 videlicet
3603 2236 3913 2296 restitutionum.

2448 2300 2543 2360 scôm
2624 2300 2814 2360 ordinem
2869 2300 3100 2360 rubricarum
3127 2300 3359 2360 Incipiunt
3379 2300 3596 2360 feliciter;
3630 2293 3699 2353 72.
3719 2298 3895 2358 Tracta¬

2447 2364 2511 2424 tus
2543 2364 2851 2424 Restitutionum
2871 2364 3018 2424 eximij
3043 2364 3229 2424 doctoris
3255 2364 3396 2424 fratris
3422 2364 3627 2424 francisci
3653 2364 3698 2424 de
3756 2364 3897 2424 platea

2452 2428 2612 2488 ordinis
2639 2428 2799 2488 fratrum
2847 2428 3028 2488 minorum
3049 2428 3298 2488 Bononien.
3333 2428 3500 2488 Incipit
3514 2428 3715 2488 feliciter.
3763 2428 3902 2488 Resti¬

2448 2492 2552 2552 tutio
2587 2492 2726 2552 primo
2781 2488 2996 2548 VITrum
3044 2492 3260 2552 restitutio
3287 2490 3343 2550 sit
3371 2488 3412 2548 de
3441 2488 3697 2548 necessitate
3725 2489 3905 2549 salutis?

2621 2557 2718 2617 70b,
2757 2556 2888 2616 FIRST
2935 2555 3229 2615 COLOPHON:
3262 2552 3497 2612 Tractatus
3543 2552 3870 2612 Restitutionum

2457 2564 2461 2624 .
2505 2560 2576 2620 ..

2454 2620 2676 2680 Francisci
2696 2620 2745 2680 de
2780 2620 2918 2680 platea
2987 2620 3092 2680 finit
3112 2617 3320 2677 feliciter.
3355 2616 3604 2676 Impressus
3639 2616 3819 2676 parisius
3854 2620 3888 2680 In

2447 2681 2530 2741 sole
2563 2684 2717 2744 aureo.
2742 2681 2845 2741 71b.
2864 2680 3095 2740 Questioes
3122 2683 3250 2743 huius
3276 2680 3481 2740 tractatus
3508 2680 3565 2740 vig
3597 2680 3643 2740 de
3668 2680 3848 2740 vsuris.

2465 2744 2497 2804 76
2576 2745 2805 2805 Tractatus
2838 2744 2884 2804 de
2923 2746 3061 2806 vsuris
3100 2744 3251 2804 eximii
3277 2744 3474 2804 doctoris
3507 2744 3651 2804 fratris
3684 2744 3907 2804 Francisci

2455 2812 2498 2872 de
2577 2812 2720 2872 platea
2749 2808 2921 2868 ordinis
2950 2808 3079 2868 fratru
3115 2808 3288 2868 minoru
3330 2808 3575 2868 bononien.
3617 2808 3783 2868 Incipit
3812 2808 3906 2868 feli¬

2461 2872 2581 2932 citer.
2634 2872 2761 2932 114b,
2802 2872 2975 2932 SECOND
3029 2872 3330 2932 COLOPHON:
3370 2872 3605 2932 Tractatus
3651 2872 3705 2932 de
3751 2872 3898 2932 Vsuris

2455 2936 2648 2996 Fracisci
2677 2936 2720 2996 de
2756 2936 2900 2996 platea
2928 2936 3029 2996 finit
3058 2936 3266 2996 feliciter.
3338 2936 3596 2996 Impressus
3632 2935 3819 2995 parisius
3855 2936 3890 2996 In

2454 3000 2532 3060 sole
2585 3000 2742 3060 aureo.
2807 3004 2933 3064 1152.
2972 3000 3208 3060 Questioes
3260 3000 3391 3060 huius
3438 3000 3653 3060 tractatus
3700 2996 3903 3056 videlicet

2454 3064 2760 3124 exconicationum
2781 3065 2795 3125 .
2815 3068 2869 3128 ..
2904 3065 3026 3125 1242.
3053 3064 3278 3124 Tractatus
3312 3061 3354 3121 de
3387 3062 3728 3122 exconicationibus
3762 3060 3905 3120 eximij

2449 3128 2646 3188 doctoris
2681 3128 2758 3188 fris
2793 3128 2990 3188 Fracisci
3026 3128 3075 3188 de
3152 3128 3307 3188 platea
3342 3124 3511 3184 ordinis
3546 3124 3680 3184 fratru
3722 3124 3892 3184 minoru

2455 3192 2708 3252 Bononien.
2751 3192 2920 3252 Incipit
2941 3191 3153 3251 feliciter.
3188 3196 3230 3256 j.
3273 3188 3400 3248 1686,
3428 3188 3576 3248 THIRD
3618 3188 3908 3248 COLOPHON:

2457 3256 2688 3316 Tractatus
2728 3252 3157 3312 excomunicationum
3191 3252 3333 3312 fratris
3381 3252 3578 3312 Francisci
3612 3252 3659 3312 de
3707 3252 3843 3312 platea

2455 3320 2550 3380 finit
2577 3320 2781 3380 feliciter.
2829 3316 3081 3376 Impressus
3115 3316 3300 3376 parisius
3333 3316 3374 3376 In
3416 3316 3503 3376 sole
3538 3316 3668 3376 aureo
3701 3316 3715 3376 p
3762 3316 3885 3376 Mar¬

2455 3380 2574 3440 tinum.
2611 3380 2894 3440 Vdalricum.
2924 3380 2960 3440 et
2997 3380 3244 3440 Michaelen.
3280 3380 3407 3440 Anno
3451 3380 3868 3440 .M.CCCC.Ixxvi.

2461 3444 2605 3504 quarta
2640 3444 2702 3504 die
2730 3444 2895 3504 mensis
2922 3444 3142 3504 Ianuarij.

2510 3536 2656 3596 Quarto
2693 3536 2759 3596 and
2795 3536 2934 3596 Folio.
2963 3533 3029 3593 [46
3044 3534 3058 3594 ;
3080 3532 3190 3592 a-elo
3211 3532 3248 3592 f8
3278 3536 3365 3596 ge;
3386 3532 3503 3592 a-d'o
3525 3532 3591 3592 e*;
3613 3528 3723 3588 f-k1o
3745 3530 3796 3590 14.
3833 3532 3898 3592 168

2456 3588 2601 3648 leaves.
2643 3588 2709 3648 92:
2733 3588 2776 3648 40
2818 3588 2916 3648 lines
2952 3584 3055 3644 181X
3085 3584 3206 3644 107-8
3242 3586 3351 3646 mm.
3394 3584 3539 3644 Type:
3563 3584 3605 3644 90
3648 3587 3702 3647 G.
3750 3585 3908 3645 Capital

2454 3640 2608 3700 spaces,
2634 3640 2717 3700 that
2744 3644 2782 3704 on
2821 3644 2911 3704 114°
2943 3640 3027 3700 with
3066 3640 3343 3700 guide-letter.
3381 3640 3478 3700 Hain
3517 3643 3665 3703 '13039
3704 3640 3897 3700 (counting

2461 3693 2527 3753 170
2554 3692 2721 3752 leaves).

2512 3780 2631 3840 Sheet
2653 3780 2669 3840 k
2699 3780 2713 3840 5
2743 3780 2773 3840 is
2795 3780 2915 3840 folio,
2929 3780 2997 3840 the
3026 3780 3101 3840 rest
3123 3780 3287 3840 quarto.

2508 3864 2604 3924 This
2630 3864 2726 3924 book
2759 3864 2785 3924 is
2810 3864 3035 3924 catalogued
3074 3864 3280 3924 according
3312 3864 3344 3924 to
3370 3864 3434 3924 the
3460 3864 3621 3924 normal
3640 3862 3756 3922 order
3781 3860 3820 3920 of
3840 3860 3904 3920 the

2452 3920 2557 3980 three
2591 3916 2707 3976 tracts
2736 3916 2858 3976 which
2894 3916 2922 3976 it
2945 3916 3190 3976 comprises,
3213 3916 3289 3976 this
3318 3912 3434 3972 order
3463 3913 3573 3973 being
3608 3912 3823 3972 supported
3858 3912 3898 3972 by

2452 3968 2510 4028 the
2544 3968 2713 4028 absence
2742 3968 2783 4028 of
2812 3968 2963 4028 printed
2998 3965 3219 4025 signatures
3248 3967 3283 4027 in
3318 3964 3376 4024 the
3411 3964 3498 4024 first
3521 3964 3643 4024 tract.
3678 3964 3719 4024 It
3742 3964 3904 4024 appears

2460 4024 2484 4084 to
2520 4022 2562 4082 be
2593 4020 2653 4080 the
2683 4020 2768 4080 only
2804 4020 2901 4080 early
2931 4020 3076 4080 edition
3113 4019 3143 4079 in
3179 4019 3300 4079 which
3336 4016 3421 4076 each
3457 4016 3554 4076 table
3584 4016 3627 4076 of
3651 4016 3905 4076 quaestiones

2453 4076 2485 4136 is
2505 4072 2724 4132 separately
2756 4072 2924 4132 prefixed
2956 4072 2988 4132 to
3020 4072 3079 4132 the
3111 4072 3208 4132 tract
3234 4070 3266 4130 to
3291 4068 3414 4128 which
3446 4068 3479 4128 it
3498 4072 3684 4132 belongs.

2512 4160 2526 4220 A
2567 4160 2637 4220 line
2671 4160 2713 4220 of
2734 4160 2817 4220 text
2838 4156 3005 4216 omitted
3039 4157 3073 4217 at
3102 4156 3164 4216 the
3191 4156 3261 4216 end
3296 4156 3338 4216 of
3358 4156 3434 4216 leaf
3463 4156 3504 4216 10
3538 4160 3601 4220 (sal
3629 4160 3692 4220 4°)
3712 4156 3781 4216 has
3809 4152 3899 4212 been

2452 4213 2633 4273 supplied
2669 4212 2698 4272 in
2727 4212 3031 4272 pen-and-ink.

2516 4311 2597 4371 The
2630 4308 2712 4368 date
2760 4310 2859 4370 1472
2908 4308 3087 4368 assigned
3120 4308 3152 4368 to
3185 4308 3267 4368 this
3299 4308 3398 4368 book
3430 4308 3479 4368 by
3512 4308 3675 4368 Proctor
3707 4308 3773 4368 has
3806 4304 3895 4364 been

2454 4388 2654 4448 retained,
2674 4389 2714 4449 as
2741 4388 2800 4448 the
2834 4388 3008 4448 printers
3034 4388 3121 4448 here
3155 4386 3295 4446 appear
3321 4384 3354 4444 to
3388 4384 3435 4444 be
3461 4384 3782 4444 experimenting
3816 4384 3895 4444 with

2453 4444 2514 4504 the
2546 4441 2613 4501 use
2644 4444 2688 4504 of
2712 4440 2868 4500 printed
2904 4440 3127 4500 signatures
3158 4436 3189 4496 in
3226 4439 3288 4499 the
3319 4436 3424 4496 same
3455 4436 3529 4496 way
3566 4436 3603 4496 as
3635 4436 3665 4496 in
3702 4436 3764 4496 the
3795 4436 3906 4496 Bible

2455 4496 2551 4556 (IC.
2565 4496 2732 4556 39070),
2746 4496 2864 4556 which
2898 4494 3043 4554 cannot
3064 4492 3099 4552 be
3120 4492 3259 4552 earlier
3279 4492 3362 4552 than
3390 4488 3445 4548 the
3473 4492 3611 4552 second
3639 4492 3715 4552 half
3736 4492 3777 4552 of
3799 4491 3909 4551 1476.

2514 4584 2591 4644 275
2621 4586 2637 4646 X
2668 4584 2737 4644 187
2775 4584 2891 4644 mm.
2936 4584 3029 4644 The
3067 4584 3152 4644 last
3183 4582 3259 4642 two
3298 4580 3428 4640 tracts
3459 4580 3528 4640 are
3566 4580 3712 4640 bound
3751 4578 3897 4638 before

2457 4652 2523 4712 the
2553 4648 2641 4708 first
2664 4648 2746 4708 and
2775 4648 2842 4708 the
2872 4648 2983 4708 table
3013 4648 3057 4708 of
3080 4648 3146 4708 the
3176 4644 3272 4704 first
3295 4644 3428 4704 (quire
3450 4647 3540 4707 )
3562 4644 3592 4704 is
3621 4644 3762 4704 bound
3799 4640 3903 4700 after

2463 4713 2523 4773 the
2568 4712 2681 4772 text.
2727 4712 3029 4772 Rubricated.
3074 4708 3187 4768 With
3232 4708 3301 4768 the
3346 4708 3558 4768 armorial
3588 4708 3822 4768 bookplate
3867 4706 3905 4766 of

2463 4780 2518 4840 Le
2550 4776 2770 4836 Candele.

3458 4871 3543 4931 IB.
3562 4876 3722 4936 39076,
3751 4874 3910 4934 39077.

2516 4876 2694 4936 Bought
2718 4876 2752 4936 in
2786 4876 2921 4936 May,
2945 4876 3080 4936 1838.
