4288 6016
462 684 909 744 CORDIALE.
982 672 1250 732 Cordiale
1309 668 1592 728 quattuor
1653 660 1907 720 nouissi¬

1605 740 1912 800 Undated.

525 769 793 829 morum.

523 876 595 936 1a.
607 868 813 928 Quatuor
836 860 1138 920 nouissimoru
1173 855 1282 915 liber
1318 852 1366 912 de
1390 851 1534 911 morte
1558 844 1703 904 videlz
1740 841 1859 901 penis

466 939 625 999 inferni
639 928 798 988 iudicio
838 924 851 984 z
864 924 1024 984 celesti
1037 920 1144 980 glia.
1170 918 1277 978 quem
1290 916 1450 976 plerique
1463 908 1649 968 cordiale
1662 908 1914 968 compelslant

459 1005 574 1065 cuiqo
612 992 842 1052 predicati
868 984 1072 1044 perutilis
1111 982 1214 1042 atque
1239 980 1521 1040 summopere
1571 972 1776 1032 necessa¬
1789 968 1931 1028 frius:

466 1062 767 1122 auctoritatiba
794 1051 986 1111 sacrarum
999 1048 1204 1108 litterarum
1218 1040 1396 1100 exemplis
1423 1043 1436 1103 i
1463 1036 1655 1096 poetarum
1710 1032 1916 1092 carmini¬

1606 1098 1899 1158 MJEmorare

465 1129 545 1189 bus
587 1123 729 1183 passim
801 1116 1025 1176 refulgens
1066 1109 1260 1169 feliciter
1301 1106 1484 1166 incipit.

472 1188 706 1248 nouissima
733 1180 824 1240 tua:
837 1180 864 1240 u
877 1176 1059 1236 ieternum
1072 1172 1125 1232 nö
1190 1168 1477 1228 peccabis...
1502 1167 1620 1227 415,
1633 1160 1922 1220 COLOPHION:

468 1258 658 1318 Explicit
683 1248 797 1308 liber
822 1242 1012 1302 quatuor
1049 1233 1417 1293 nouissimorum.
1454 1231 1555 1291 422.
1580 1227 1782 1287 Incipiunt
1807 1224 1923 1284 tituli

468 1317 656 1377 quatuor
696 1308 991 1368 nouissimon.
1032 1304 1099 1364 Et
1125 1300 1274 1360 primo
1313 1296 1448 1356 ponit

467 1382 629 1442 diuidit
641 1377 734 1437 istum
757 1373 873 1433 librum
885 1372 896 1432 i
909 1368 1094 1428 quatuor
1117 1364 1280 1424 partes.
1315 1360 1454 1420 Ibid.,
1467 1356 1594 1416 END:
1617 1352 1733 1412 Finis
1745 1352 1920 1412 titulor.

528 1471 690 1531 Quarto.
731 1459 833 1519 a-d8
863 1456 935 1516 elo.
975 1460 1016 1520 42
1046 1456 1199 1516 leaves.
1240 1450 1311 1510 22:
1331 1450 1373 1510 34
1403 1449 1535 1509 lines,
1556 1444 1790 1504 127X81-2
1820 1444 1923 1504 mm.

469 1524 625 1584 Types:
648 1523 693 1583 74
715 1520 795 1580 G.;
817 1516 861 1576 74
885 1514 997 1574 G.“,
1008 1506 1312 1566 guide-letters.
1334 1505 1502 1565 Capital
1525 1500 1682 1560 spaces,
1693 1500 1750 1560 all
1772 1496 1840 1556 but
1863 1496 1918 1556 the

470 1579 558 1639 first
575 1576 663 1636 with
689 1569 997 1629 guide-letters.
1032 1560 1357 1620 Gesamtkatalog
1392 1556 1515 1616 7486.

531 1660 613 1720 The
634 1656 862 1716 signatures
882 1652 943 1712 are
965 1648 1120 1708 centred
1160 1646 1286 1706 under
1306 1644 1377 1704 the
1399 1643 1503 1703 text.
1533 1640 1626 1700 The
1647 1636 1927 1696 line-endings

463 1719 523 1779 are
556 1712 655 1772 often
688 1708 907 1768 irregular.

529 1804 648 1864 201X
680 1800 755 1860 136
788 1800 908 1860 mm.
940 1793 1069 1853 Fully
1102 1788 1393 1848 rubricated;
1416 1784 1578 1844 border
1610 1784 1708 1844 with
1751 1780 1848 1840 coat
1870 1780 1925 1840 of

464 1872 588 1932 arms
621 1868 693 1928 and
734 1861 902 1921 capital
923 1856 1194 1916 illuminated
1236 1852 1277 1912 in
1308 1852 1413 1912 gold
1444 1848 1528 1908 and
1569 1845 1736 1905 colours
1767 1844 1820 1904 on
1861 1844 1925 1904 12.

473 1936 536 1996 On
578 1930 663 1990 422
695 1928 726 1988 is
768 1924 937 1984 written
979 1921 1022 1981 in
1064 1920 1137 1980 red
1191 1916 1274 1976 and
1316 1916 1422 1976 blue
1464 1912 1675 1972 capitals:
1717 1904 1917 1964 Pertinet

483 1996 654 2056 Nicolao
686 1992 797 2052 Ioly.
827 1988 867 2048 In
908 1988 968 2048 the
999 1984 1120 2044 front
1140 1980 1271 2040 cover
1291 1980 1322 2040 is
1342 1980 1413 2040 the
1443 1976 1645 2036 armorial
1665 1972 1917 2032 book-plate

477 2060 520 2120 of
553 2056 794 2116 Alexander
826 2048 1121 2108 Henderson,
1143 2044 1186 2104 on
1218 2044 1240 2104 a
1274 2042 1448 2102 fly-leaf
1470 2040 1502 2100 is
1535 2039 1742 2099 written:
1765 2036 1819 2096 T.
1851 2033 1916 2093 W.

476 2123 689 2183 Norwood
729 2120 761 2180 fr
791 2116 953 2176 Nathl.
974 2112 1024 2172 R.
1054 2109 1258 2169 Brassey.
1289 2105 1502 2165 Chelsea,
1523 2104 1654 2164 1878.

1653 2200 1735 2260 IA.
1759 2199 1931 2259 39280.

537 2220 706 2280 Bought
737 2216 768 2276 in
806 2212 1028 2272 October,
1052 2212 1183 2272 1925.

482 2476 711 2536 SUSO,
773 2472 1116 2532 HENRICUS.
1189 2465 1553 2525 Horologium
1656 2458 1905 2518 aeternae

1622 2540 1925 2600 Undated.

548 2556 892 2616 sapientiae.

541 2660 602 2720 1a.
620 2656 866 2716 sENTITE
910 2652 954 2712 de
980 2652 1060 2712 dno
1095 2652 1130 2712 in
1156 2652 1350 2712 bonitate
1385 2648 1393 2708 z
1421 2648 1447 2708 in
1456 2646 1508 2706 sim
1561 2644 1754 2704 plicitate
1781 2640 1921 2700 cordis

479 2724 643 2784 querite
683 2722 750 2782 illu
780 2724 799 2784 .
828 2724 847 2784 .
867 2724 887 2784 .
926 2721 1004 2781 3b.
1032 2716 1090 2776 De
1130 2715 1315 2775 materia
1344 2712 1479 2772 primi
1508 2708 1635 2768 libri.
1664 2708 1742 2768 44.
1762 2704 1936 2764 Incipit

474 2788 696 2848 horologiu
732 2784 871 2844 sapie.
907 2780 1111 2840 Qualiter
1138 2780 1269 2840 quida
1296 2776 1425 2836 electi

478 2850 521 2910 ad
555 2850 624 2910 deù
667 2848 916 2908 mirabliter
941 2840 1148 2900 trahutur
1174 2844 1191 2904 .
1217 2844 1234 2904 .
1251 2842 1268 2902 .
1312 2840 1518 2900 Capitulû
1561 2839 1921 2899 primû.anc

484 2916 626 2976 amaui
650 2912 667 2972 a
692 2911 925 2971 exquisiui
941 2908 966 2968 a
991 2904 1191 2964 iuuëtute
1224 2904 1316 2964 mea
1349 2904 1365 2964 .
1390 2904 1407 2964 .
1432 2904 1449 2964 .
1490 2900 1615 2960 1066,
1639 2896 1930 2956 COLOPHON:

489 2977 671 3037 Explicit
699 2976 804 3036 liber
833 2972 909 3032 qui
937 2970 1195 3030 horologium
1243 2966 1453 3026 sapientie
1482 2961 1729 3021 intitulatur
1797 2960 1931 3020 com¬

491 3043 622 3103 posit?
649 3043 658 3103 a
695 3040 864 3100 quodam
920 3036 966 3096 de
995 3036 1153 3096 ordine
1181 3028 1535 3088 predicatorum.
1609 3024 1703 3084 Deo
1740 3024 1852 3084 gras.

536 3132 705 3192 Quarto.
743 3128 882 3188 A-M8
905 3117 1005 3177 N12.
1043 3123 1113 3183 108
1143 3124 1297 3184 leaves,
1320 3124 1382 3184 the
1412 3120 1489 3180 last
1512 3117 1582 3177 two
1612 3116 1758 3176 blank.
1796 3117 1858 3177 52:
1881 3120 1919 3180 34

476 3184 595 3244 lines,
620 3181 679 3241 126
704 3180 722 3240 X
747 3180 789 3240 92
814 3180 915 3240 mm:
949 3176 1110 3236 Types:
1127 3180 1169 3240 74
1204 3180 1279 3240 G.;
1296 3176 1339 3236 74
1364 3172 1466 3232 G.“,
1483 3172 1694 3232 headings,
1711 3167 1930 3227 references

484 3236 514 3296 to
544 3236 794 3296 quotations.
832 3232 991 3292 Capital
1014 3232 1174 3292 spaces,
1189 3228 1272 3288 with
1310 3224 1606 3284 guide-letters.

541 3320 619 3380 The
645 3320 868 3380 signatures
894 3320 954 3380 are
980 3316 1137 3376 centred
1170 3316 1295 3376 under
1321 3315 1380 3375 the
1406 3312 1511 3372 text.

544 3408 759 3468 Originally
784 3408 1008 3468 catalogued
1041 3404 1173 3464 under
1190 3400 1249 3460 Le
1273 3400 1397 3460 Fèvre
1423 3396 1464 3456 by
1497 3396 1654 3456 Proctor
1679 3396 1763 3456 (no.
1779 3396 1919 3456 7919).

540 3500 618 3560 206
644 3500 662 3560 x
697 3500 766 3560 142
792 3500 905 3560 mm.
931 3496 1140 3556 Without
1157 3492 1226 3552 the
1253 3492 1427 3552 blanks.
1453 3484 1748 3544 Rubricated.
1774 3484 1922 3544 Above

487 3562 555 3622 the
581 3564 795 3624 colophon
829 3561 863 3621 is
889 3560 958 3620 the
992 3556 1205 3616 signature
1240 3556 1317 3616 and
1351 3553 1420 3613 the
1454 3552 1599 3612 cipher
1625 3548 1677 3608 of
1702 3548 1753 3608 Fr
1779 3548 1932 3608 petrus

484 3628 710 3688 capusius.
745 3624 999 3684 Previously
1033 3620 1181 3680 bound
1217 3620 1313 3680 with
1347 3620 1435 3680 IA.
1452 3620 1591 3680 39277
1627 3612 1827 3672 (above).

1657 3712 1751 3772 IA.
1769 3712 1934 3772 39278.

548 3725 718 3785 Bought
750 3726 774 3786 in
815 3724 954 3784 June,
978 3724 1107 3784 1884.

1127 3968 1312 4028 JEAN.

497 4116 894 4176 PERIGLIS,
936 4116 1170 4176 BALDUS
1210 4112 1312 4172 DE.
1363 4108 1445 4168 De
1495 4104 1934 4164 quaestionibus

568 4196 619 4256 et
650 4196 980 4256 tormentis.
1021 4196 1196 4256 [With
1237 4192 1392 4252 other
1423 4188 1649 4248 tracts.)
1772 4184 1949 4244 1486.

556 4293 612 4353 12.
636 4300 870 4360 Tractatus
902 4296 950 4356 de
974 4296 1289 4356 questionibus
1322 4288 1362 4348 et
1386 4288 1619 4348 tormentis
1684 4284 1909 4344 secundum

487 4360 700 4420 baldum.
807 4362 905 4422 Dle
946 4360 1266 4420 questionibus
1308 4355 1570 4415 tractaturus
1612 4348 1775 4408 vidédû
1825 4348 1890 4408 est

497 4424 664 4484 plenius
705 4427 804 4487 quid
843 4424 903 4484 sit
933 4422 1100 4482 questio
1141 4424 1160 4484 .
1190 4424 1200 4484 .
1229 4424 1249 4484 .
1298 4420 1398 4480 IIb,
1427 4412 1714 4472 COLOPHON:
1745 4411 1941 4471 Explicit

490 4486 701 4546 tractatus
732 4488 778 4548 de
810 4484 1123 4544 questionibus
1185 4480 1233 4540 et
1264 4480 1490 4540 tormentis
1522 4476 1741 4536 secundum
1795 4472 1945 4532 domi¬

497 4548 577 4608 num
684 4552 899 4612 baldum.
952 4548 1051 4608 176,
1077 4544 1373 4604 COLOPHON:
1400 4540 1597 4600 Explicit
1632 4536 1838 4596 opusculû
1891 4536 1936 4596 de

498 4612 745 4672 carceribus
817 4612 973 4672 editum
1037 4610 1111 4670 per
1138 4608 1339 4668 dominum
1358 4604 1568 4664 baldum.
1614 4604 1714 4664 322.
1742 4600 1933 4660 Libellus

494 4676 803 4736 exemptionum
863 4676 1052 4736 explicit
1129 4672 1344 4732 feliciter.
1386 4668 1558 4728 Incipit
1584 4664 1798 4724 tractatus
1833 4665 1884 4725 de

493 4740 705 4800 testibus.
745 4740 844 4800 472.
868 4740 1056 4800 Explicit
1088 4734 1301 4794 tractatus
1334 4732 1382 4792 de
1415 4728 1774 4788 testibusdt

494 4804 722 4864 bartholum
807 4803 925 4863 legum
1077 4796 1399 4856 professorem.
1474 4793 1643 4853 Incipit
1694 4788 1871 4848 tractat¬

495 4868 868 4928 discrepantiarum
932 4867 1063 4927 legum
1128 4860 1174 4920 et
1202 4860 1249 4920 ca
1296 4860 1501 4920 nonum.
1547 4863 1650 4923 546.
1687 4856 1938 4916 Expliciunt

1975 639 2267 699 discrepantie
2295 636 2389 696 legû
2474 632 2493 692 a
2530 631 2662 691 sacris
2690 628 2907 688 canonib?
2964 624 3133 684 Incipit

1977 700 2378 760 permutationum.
2418 696 2525 756 816,
2545 692 2839 752 COLOPHON:
2869 688 3055 748 Explicit
3085 684 3291 744 tractatus
3320 684 3418 744 per¬

1977 765 2160 825 mutatio
2210 764 2302 824 num
2364 760 2547 820 parisius
2587 756 2832 816 impressus
2862 752 2995 812 Anno
3036 752 3117 812 dni

1977 828 2163 888 lxxxvio.
2200 826 2297 886 822.
2315 824 2377 884 De
2405 823 2680 883 sponsalibus
2707 820 2751 880 et
2769 816 3063 876 matrimoniis
3125 813 3205 873 per
3233 808 3401 868 dominu

1979 892 2162 952 johanne
2201 891 2385 951 andree.
2424 891 2530 951 944,
2559 884 2851 944 COLOPHON:
2880 880 2937 940 Et
2967 880 3025 940 sic
3064 873 3131 933 est
3160 874 3257 934 finis
3286 872 3422 932 huius

1973 956 2207 1016 tractatns.
2245 953 2362 1013 1052,
2381 948 2673 1008 COLOPHON:
2702 944 3004 1004 [Boniconcii
3023 938 3276 998 decretorum
3325 936 3422 996 pro¬

1976 1020 2158 1080 fessoris
2184 1016 2341 1076 eximii
2393 1014 2576 1074 domini
2602 1012 2767 1072 iohanis
2802 1008 2958 1068 andree
3002 1004 3289 1064 primogeniti
3314 1000 3402 1060 tra¬

1990 1084 2118 1144 ctatus
2147 1084 2186 1144 de
2215 1080 2460 1140 priuilegiis
2480 1076 2520 1136 et
2539 1076 2863 1136 immunitatibus
2922 1068 3157 1128 clericorum
3294 1064 3433 1124 Finit.

1989 1148 2111 1208 105b.
2131 1148 2291 1208 Incipit
2310 1143 2517 1203 tractatus
2545 1139 2885 1199 prescriptionum
2904 1132 3120 1192 compositus
3178 1129 3262 1189 per
3280 1128 3422 1188 domi¬

1987 1213 2057 1273 num
2107 1212 2258 1272 dynum
2308 1208 2349 1268 de
2379 1208 2550 1268 mugillo
2580 1204 2701 1264 legum
2751 1200 2801 1260 do
2841 1196 3042 1256 sctorem.
3073 1192 3202 1252 1166.
3222 1192 3435 1252 Explicit.

1989 1276 2105 1336 1292,
2124 1272 2411 1332 COLOPHON:
2430 1268 2622 1328 Explicit
2651 1264 2871 1324 declaratio
2909 1257 3073 1317 arboris
3092 1256 3427 1316 conssanguini¬

1981 1340 2079 1400 tatis
2114 1336 2151 1396 et
2177 1336 2400 1396 affinitatis
2435 1332 2525 1392 secu
2569 1331 2650 1391 dum
2703 1328 2774 1388 Io.
2801 1328 2881 1388 an.
2917 1320 3184 1380 129b-1306.
3229 1316 3425 1376 type-set

1982 1404 2159 1464 scheme
2206 1400 2252 1460 of
2290 1400 2496 1460 arbores)
2551 1396 2682 1456 141b,
2720 1389 3019 1449 COLOPHON:
3056 1382 3177 1442 Finit
3214 1380 3429 1440 tractatus

1982 1468 2189 1528 magistri
2208 1464 2256 1524 ac
2284 1462 2462 1522 domini
2490 1460 2538 1520 do
2594 1456 2717 1516 mini
2736 1456 2906 1516 johanis
2944 1452 2990 1512 de
3018 1449 3208 1509 ligniano
3245 1444 3444 1504 vtriusque

1982 1532 2085 1592 juris
2152 1528 2358 1588 doctoris
2386 1523 2697 1583 litteratissimi
2725 1520 2772 1580 de
2801 1516 3045 1576 pluralitate
3083 1512 3131 1572 be
3168 1508 3403 1568 neficiorum

1980 1592 2400 1652 ecclesiasticorum.
2437 1588 2559 1648 1422.
2577 1584 2821 1644 Responsio
2848 1580 2876 1640 ac
2905 1577 3054 1637 decisio
3082 1572 3269 1632 quastionis
3287 1572 3429 1632 quod¬

1988 1656 2154 1716 libetice
2193 1656 2252 1716 fal
2261 1652 2497 1712 matissimo
2536 1651 2741 1711 magistro
2781 1644 2820 1704 ac
2859 1644 3035 1704 domino
3074 1639 3163 1699 dno
3202 1636 3409 1696 Guilhel¬

1982 1720 2177 1780 mobont
2205 1717 2214 1777 i
2242 1716 2409 1776 scholis
2437 1716 2604 1776 artistaz
2642 1708 2920 1768 florentissime
2958 1704 3106 1764 vniuer
3135 1700 3273 1760 sitatis
3302 1700 3431 1760 loua¬

1982 1784 2145 1844 niensis
2173 1780 2250 1840 sub
2288 1780 2366 1840 hac
2403 1780 2556 1840 verbou
2594 1776 2738 1836 forma
2768 1772 3015 1832 prosposite
3045 1768 3207 1828 incipit
3226 1762 3438 1822 feliciter.

1988 1848 2087 1908 Vtru
2123 1844 2266 1904 emere
2301 1844 2472 1904 reditus
2534 1840 2697 1900 vitales
2723 1836 2804 1896 aut
2831 1832 3073 1892 perpetuos
3100 1832 3154 1892 sit
3181 1828 3432 1888 contractus

1982 1912 2165 1972 illicitus
2231 1909 2280 1969 et
2299 1908 2549 1968 vsurarius.
2578 1904 2713 1964 170b,
2732 1900 2856 1960 END:
2876 1899 3001 1959 Finit
3020 1895 3231 1955 feliciter.

2042 1996 2209 2056 Quarto.
2235 1992 2327 2052 a-o8
2344 1994 2411 2054 pt;
2428 1993 2470 2053 q'
2487 1992 2554 2052 r6;
2570 1988 2714 2048 h-m8.
2739 1984 2806 2044 170
2832 1984 2982 2044 leaves.
3007 1981 3075 2041 32:
3092 1980 3134 2040 28
3167 1980 3285 2040 lines,
3302 1980 3402 2040 139X

1985 2052 2084 2112 86-7
2113 2052 2212 2112 mm.
2248 2045 2390 2105 Type:
2411 2044 2476 2104 100
2504 2044 2561 2104 B.
2589 2044 2753 2104 Capital
2774 2040 2931 2100 spaces.

2036 2128 2131 2188 The
2165 2128 2252 2188 first
2278 2124 2340 2184 six
2374 2124 2496 2184 tracts
2530 2122 2599 2182 (De
2634 2118 2963 2178 quaestionibus,
2999 2112 3059 2172 De
3094 2112 3337 2172 carceribus,
3363 2108 3423 2168 De

1981 2180 2333 2240 exemptionibus,
2351 2178 2413 2238 De
2440 2176 2625 2236 testibus,
2652 2172 2978 2232 Discrepantiae,
2996 2164 3340 2224 Permutationes)
3358 2160 3428 2220 and

1988 2234 2051 2294 the
2078 2234 2205 2294 eighth
2232 2232 2304 2292 (De
2331 2228 2566 2288 privilegiis)
2593 2225 2666 2285 form
2720 2225 2801 2285 part
2820 2220 2865 2280 of
2883 2220 2946 2280 the
2973 2216 3172 2276 collection
3199 2214 3352 2274 printed
3379 2212 3424 2272 by

1993 2284 2185 2344 Pasquier
2203 2284 2451 2344 Bonhomme
2478 2280 2505 2340 in
2534 2282 2634 2342 1475
2652 2280 2744 2340 (IA.
2763 2276 2910 2336 39270,
2928 2272 3046 2332 q.v.),
3055 2268 3129 2328 but
3148 2268 3175 2328 in
3202 2268 3220 2328 a
3248 2264 3431 2324 different

1988 2336 2129 2396 order.
2155 2336 2244 2396 The
2261 2333 2429 2393 present
2447 2331 2676 2391 collection,
2685 2328 2774 2388 with
2800 2325 2862 2385 the
2888 2323 3057 2383 addition
3083 2320 3127 2380 of
3145 2320 3198 2380 the
3224 2316 3436 2376 Tractatus

1991 2388 2206 2448 nobilitatis
2231 2388 2272 2448 of
2297 2384 2520 2444 Raynaudi,
2537 2382 2603 2442 had
2629 2380 2777 2440 already
2810 2376 2893 2436 been
2926 2376 3076 2436 printed
3109 2372 3150 2432 by
3175 2372 3423 2432 Bonhomme

1988 2448 2016 2508 in
2057 2448 2148 2508 1477
2175 2443 2287 2503 (Hain
2322 2444 2440 2504 2344,
2461 2436 2662 2496 Pellechet
2683 2436 2822 2496 1751).

2059 2528 2129 2588 192
2149 2528 2171 2588 X
2211 2528 2283 2588 135
2334 2523 2446 2583 mm.
2496 2520 2792 2580 Rubricated.
2843 2516 3047 2576 Original
3087 2512 3282 2572 deerskin
3333 2508 3434 2568 over

1995 2592 2166 2652 wooden
2203 2588 2393 2648 boards,
2411 2586 2482 2646 the
2509 2584 2645 2644 lower
2663 2580 2798 2640 cover
2817 2580 2933 2640 lined
2969 2576 3069 2636 with
3105 2578 3123 2638 a
3150 2572 3429 2632 proof-sheet

1993 2658 2039 2718 of
2067 2654 2076 2714 a
2114 2652 2366 2712 devotional
2393 2649 2505 2709 tract
2524 2648 2561 2708 in
2589 2644 2812 2704 sixteens,
2832 2644 2999 2704 printed
3027 2640 3129 2700 with
3166 2640 3260 2700 type
3297 2640 3344 2700 74
3372 2637 3438 2697 G.

1991 2722 2066 2782 and
2103 2720 2199 2780 with
2244 2717 2289 2777 15
2318 2716 2423 2776 lines
2452 2712 2490 2772 to
2519 2712 2594 2772 the
2624 2712 2757 2772 page.

3156 2794 3245 2854 IA.
3272 2796 3443 2856 39856.

2051 2812 2232 2872 Bought
2256 2809 2287 2869 in
2327 2808 2460 2868 June,
2484 2804 2610 2864 1898.

3129 3068 3432 3128 Undated.

1988 3084 2490 3144 HERBARIUS.

2056 3180 2121 3240 22.
2160 3180 2367 3240 RlOgatu
2424 3172 2594 3232 plurion
2632 3170 2737 3230 iopu
2783 3168 2944 3228 numon
2992 3164 3133 3224 egêtiu
3180 3160 3435 3220 appotecas

1988 3240 2194 3300 refutätiu
2229 3243 2247 3303 .
2274 3244 2337 3304 ..
2381 3237 2443 3297 2b.
2480 3236 2659 3296 Pondus
2694 3229 2953 3289 medicinale
2989 3228 3025 3288 in
3069 3224 3230 3284 figuris
3266 3222 3320 3282 sic
3365 3220 3436 3280 co¬

1992 3304 2197 3364 gnosces.
2251 3305 2327 3365 ...
2359 3302 2425 3362 32.
2446 3300 2640 3360 Capitula
2662 3296 2813 3356 herban
2845 3292 3020 3352 secundum
3030 3288 3182 3348 ordinem
3203 3284 3440 3344 alphabeti.

3083 3348 3328 3408 Absintheü
3368 3345 3437 3405 est

1992 3371 2062 3431 52.
2080 3368 2310 3428 woodcut
2397 3364 2688 3424 ABsintheum
2786 3356 2980 3416 Aluyne.

1998 3432 2150 3492 calidum
2170 3432 2208 3492 in
2246 3428 2331 3488 prio
2370 3427 2493 3487 gradu
2531 3428 2551 3488 .
2570 3428 2589 3488 .
2608 3429 2627 3489 .
2674 3427 2798 3487 1552.
2817 3420 2980 3480 Itable:
3017 3415 3189 3475 Secunda
3227 3412 3427 3472 particula

1989 3497 2049 3557 de
2130 3492 2380 3552 simplicibe
2410 3488 2612 3548 laxatiuis
2783 3484 2803 3544 .
2843 3476 2973 3536 1572.
2993 3480 3104 3540 Scda
3144 3476 3346 3536 particula
3385 3474 3435 3534 de

2003 3560 2242 3620 simplicibs
2282 3556 2511 3616 laxatiuis.
2601 3549 2809 3609 Capitulu
2859 3544 3008 3604 primû

2003 3624 2132 3684 calidu
2172 3623 2182 3683 e
2211 3624 2301 3684 ...
2340 3624 2469 3684 1746,
2480 3616 2719 3676 END....
2739 3613 2778 3673 et
2798 3608 3076 3668 prouocabut
3106 3600 3443 3660 assellationem.

2062 3700 2232 3760 Quarto.
2258 3700 2357 3760 411;
2375 3692 2482 3752 a-t8;
2500 3690 2544 3750 us
2563 3688 2651 3748 x10.
2678 3692 2750 3752 174
2777 3688 2919 3748 leaves,
2937 3684 3000 3744 the
3018 3684 3108 3744 first
3125 3684 3268 3744 blank.
3295 3680 3438 3740 Tables

1996 3756 2045 3816 on
2078 3755 2187 3815 32-42
2211 3752 2285 3812 and
2318 3748 2535 3808 155—-1562
2559 3744 2592 3804 in
2625 3744 2642 3804 2
2667 3741 2874 3801 columns.
2908 3737 2973 3797 22:
2998 3736 3039 3796 28
3064 3736 3181 3796 lines,
3205 3732 3313 3792 140X
3338 3735 3429 3795 93-4

1993 3804 2103 3864 mm.
2134 3802 2275 3862 Type:
2297 3800 2363 3860 100
2386 3800 2438 3860 B.
2467 3799 2631 3859 Capital
2646 3796 2787 3856 spaces
2810 3792 2854 3852 on
2883 3788 2921 3848 22
2943 3788 3010 3848 and
3039 3788 3070 3848 in
3106 3786 3233 3846 quires
3255 3787 3270 3847 u
3307 3788 3374 3848 and
3403 3790 3449 3850 x,

1997 3859 2103 3919 some
2133 3856 2178 3916 of
2193 3856 2299 3916 these
2329 3853 2465 3913 having
2496 3848 2798 3908 guide-letters.
2828 3844 3070 3904 Woodcuts.

2055 3936 2138 3996 One
2164 3932 2257 3992 leaf,
2274 3932 2426 3992 headed
2451 3932 2503 3992 by
2528 3928 2544 3988 a
2569 3924 2772 3984 woodcut,
2789 3924 2823 3984 is
2848 3920 3009 3980 devoted
3042 3917 3076 3977 to
3102 3920 3186 3980 each
3220 3916 3262 3976 of
3279 3916 3347 3976 the
3372 3916 3439 3976 150

2003 3988 2139 4048 plants
2158 3987 2355 4047 described
2394 3984 2413 4044 in
2443 3980 2511 4040 the
2530 3980 2619 4040 first
2638 3980 2727 4040 part
2746 3976 2922 4036 (5-154).
2951 3972 3039 4032 The
3068 3968 3294 4028 underlines
3313 3964 3352 4024 of
3372 3968 3430 4028 the

2002 4040 2217 4100 woodcuts
2235 4038 2328 4098 give
2356 4036 2421 4096 the
2450 4034 2589 4094 names
2617 4032 2664 4092 of
2683 4032 2747 4092 the
2775 4028 2916 4088 plants
2943 4028 2971 4088 in
3009 4024 3121 4084 Latin
3158 4021 3233 4081 and
3260 4020 3363 4080 often
3400 4018 3437 4078 in

2005 4092 2150 4152 French
2187 4092 2223 4152 as
2247 4088 2356 4148 well.

2056 4164 2099 4224 In
2133 4164 2238 4224 many
2272 4164 2376 4224 cases
2394 4164 2411 4224 a
2437 4160 2524 4220 part
2550 4156 2584 4216 of
2611 4156 2671 4216 the
2697 4155 2767 4215 last
2784 4152 2862 4212 line
2889 4152 2932 4212 of
2949 4151 3009 4211 the
3036 4148 3139 4208 recto
3165 4148 3192 4208 is
3218 4145 3287 4205 left
3304 4144 3443 4204 blank,

2008 4221 2067 4281 the
2093 4218 2178 4278 text
2203 4216 2431 4276 continuing
2457 4212 2634 4272 without
2651 4212 2668 4272 a
2693 4209 2804 4269 break
2837 4204 2880 4264 on
2914 4204 2973 4264 the
2998 4200 3133 4260 verso.

2061 4296 2145 4356 The
2171 4296 2263 4356 state
2289 4296 2331 4356 of
2356 4296 2416 4356 the
2441 4292 2534 4352 type
2559 4292 2592 4352 in
2617 4288 2702 4348 this
2719 4284 2820 4344 book
2845 4288 2880 4348 is
2905 4286 2938 4346 as
2964 4284 2998 4344 in
3031 4284 3090 4344 the
3116 4280 3326 4340 preceding
3361 4280 3446 4340 (IA.

2005 4352 2177 4412 39856),
2194 4350 2202 4410 H
2254 4348 2322 4408 and
2348 4348 2365 4408 ?
2391 4345 2503 4405 being
2537 4344 2623 4404 both
2657 4340 2828 4400 present.

2058 4428 2290 4488 Presumbly
2326 4427 2523 4487 reprinted
2558 4424 2639 4484 from
2692 4420 2755 4480 the
2782 4420 2925 4480 edition
2969 4416 3005 4476 of
3041 4412 3264 4472 Schoeffer,
3291 4412 3443 4472 Mainz,

2008 4485 2099 4545 1484
2132 4480 2248 4540 (Hain
2273 4484 2422 4544 8444).

2075 4568 2145 4628 193
2166 4568 2187 4628 X
2217 4564 2288 4624 132
2330 4564 2430 4624 mm.
2472 4560 2675 4620 Without
2695 4556 2767 4616 the
2797 4556 2950 4616 blank.
2990 4553 3031 4613 In
3072 4552 3195 4612 many
3225 4548 3347 4608 cases
3367 4548 3438 4608 the

2009 4632 2154 4692 names
2181 4628 2226 4688 of
2244 4628 2308 4688 the
2335 4628 2471 4688 plants
2498 4624 2598 4684 have
2625 4623 2725 4683 been
2751 4620 2941 4680 supplied
2977 4616 3004 4676 in
3041 4616 3140 4676 early
3177 4612 3438 4672 manuscript

2010 4696 2039 4756 in
2077 4692 2182 4752 both
2221 4692 2393 4752 English
2432 4689 2518 4749 and
2556 4688 2690 4748 Irish.
2729 4684 2795 4744 On
2834 4684 2881 4744 22
2910 4682 2949 4742 is
2977 4680 3045 4740 the
3083 4676 3361 4736 book-stamp
3399 4674 3446 4734 of

2013 4760 2072 4820 Sir
2097 4756 2250 4816 Joseph
2292 4756 2453 4816 Banks.

3178 4828 3259 4888 IA.
3276 4832 3439 4892 39859.
