4288 6016
981 592 1057 652 287
1078 595 1107 655 X
1135 596 1213 656 205
1252 601 1368 661 mm.
1407 604 1621 664 Without
1650 606 1727 666 the
1766 608 1853 668 last
1882 612 2038 672 blank.
2086 616 2213 676 Fully
2251 620 2398 680 rubri-

936 660 1089 720 cated,
1109 664 1334 724 including
1376 668 1651 728 head-lines.
1692 675 1979 735 Type-pages
2009 678 2214 738 enclosed
2254 680 2285 740 in
2326 680 2387 740 red

931 720 1070 780 rules.
1110 728 1309 788 Beneath
1348 728 1418 788 the
1448 732 1557 792 third
1597 736 1845 796 dedication
1885 736 1925 796 is
1945 737 2114 797 written
2153 744 2194 804 in
2233 746 2333 806 red,
2352 748 2392 808 in

938 785 1006 845 the
1035 788 1143 848 same
1174 792 1281 852 hand
1311 792 1350 852 as
1369 792 1468 852 that
1487 796 1526 856 of
1547 796 1605 856 the
1634 799 1910 859 head-lines:
1930 804 2027 864 Hoc
2048 808 2126 868 op?
2145 808 2371 868 (speculum

930 850 1125 910 humane
1149 856 1254 916 vitae
1278 860 1539 920 nuncupatum)
1563 861 1790 921 Leonardi
1815 865 1895 925 est.

995 932 1116 992 King
1148 936 1321 996 George
1351 940 1463 1000 III's
1494 940 1596 1000 copy
1636 944 1707 1004 (C.
1737 947 1809 1007 13.
1829 948 1881 1008 b.
1901 951 1992 1011 17).

2115 952 2202 1012 IB.
2228 956 2392 1016 39018.

919 1080 1238 1140 PERSIUS
1291 1084 1705 1144 FLACCUS,
1733 1092 1971 1152 AULUS.
2013 1098 2293 1158 Saturae.

1590 1168 1722 1228 Not
1755 1172 1942 1232 before
1975 1180 2150 1240 June,
2184 1185 2360 1245 1472?

985 1244 1050 1304 ra.
1068 1245 1181 1305 Auli
1208 1248 1339 1308 persii
1367 1252 1489 1312 flacci
1516 1252 1553 1312 in
1590 1256 1749 1316 satyrar
1787 1260 1937 1320 librum
1992 1260 2141 1320 prolo¬
2160 1264 2244 1324 gus
2281 1268 2385 1328 con¬

921 1308 1043 1368 stans
1072 1312 1205 1372 metro
1242 1312 1431 1372 iambico
1459 1324 1913 1384 trimetro.Ec
1941 1324 2055 1384 fonte
2092 1328 2206 1388 labra
2234 1328 2386 1388 prolui

928 1374 1350 1434 caballino...
1392 1380 1484 1440 11b,
1506 1380 1536 1440 l.
1557 1380 1638 1440 19:
1660 1384 1876 1444 Inuentus
1897 1388 2124 1448 chrisippe
2155 1391 2216 1451 tui
2237 1392 2381 1452 finitor

927 1436 1101 1496 acerui;
1159 1436 1508 1496 (COLOPHON:)
1518 1445 1577 1505 A.
1586 1448 1692 1508 P.F.
1712 1448 1886 1508 Satyran
1925 1452 2022 1512 liber
2051 1454 2148 1514 finit
2167 1458 2391 1518 foeliciter.

986 1512 1151 1572 Quarto.
1182 1509 1298 1569 [ala.]
1327 1516 1366 1576 12
1397 1516 1542 1576 leaves,
1562 1520 1621 1580 the
1651 1520 1719 1580 last
1738 1524 1885 1584 blank.
1905 1520 1973 1580 24:
1993 1528 2032 1588 32
2061 1528 2178 1588 lines,
2199 1532 2267 1592 184
2286 1532 2306 1592 X
2335 1538 2374 1598 95

915 1563 1028 1623 mm.
1056 1565 1198 1625 Type:
1216 1568 1283 1628 115
1311 1568 1358 1628 R.
1386 1572 1556 1632 Capital
1576 1576 1726 1636 spaces.
1755 1577 1849 1637 Part
1868 1576 1907 1636 of
1925 1580 2028 1640 Hain
2057 1584 2180 1644 9674.
2208 1584 2368 1644 Claudin

914 1613 1024 1673 Xvii.

983 1680 1081 1740 This
1100 1688 1245 1748 edition
1283 1688 1323 1748 of
1342 1689 1507 1749 Persius
1526 1692 1604 1752 was
1633 1696 1787 1756 printed
1817 1696 1846 1756 in
1885 1700 2156 1760 combination
2186 1704 2272 1764 with
2312 1707 2379 1767 one

916 1736 961 1796 of
979 1736 1169 1796 Juvenal,
1189 1740 1305 1800 which
1332 1740 1360 1800 is
1387 1744 1459 1804 also
1488 1744 1659 1804 undated
1686 1748 1795 1808 (Hain
1831 1753 1967 1813 9674).
1994 1752 2030 1812 In
2066 1754 2220 1814 several
2239 1756 2374 1816 known

916 1791 1056 1851 copies
1075 1790 1188 1850 there
1214 1792 1329 1852 follow
1373 1795 1409 1855 on
1444 1796 1505 1856 the
1532 1800 1726 1860 colophon
1761 1804 1796 1864 as
1822 1804 1928 1864 given
1963 1804 2087 1864 above
2113 1808 2218 1868 these
2245 1808 2377 1868 verses

917 1841 962 1901 of
984 1842 1044 1902 the
1073 1844 1223 1904 editor,
1245 1848 1387 1908 Erhard
1424 1852 1693 1912 Windsberg:

1023 1912 1204 1972 Erhardi
1224 1916 1496 1976 Tetrastichon
1536 1919 1575 1979 ad
1607 1924 1817 1984 germanos
1867 1928 2059 1988 librarios
2079 1929 2299 1989 ingenuos.

1024 1964 1118 2024 Ecce
1146 1966 1226 2026 tibi
1240 1968 1428 2028 princeps
1458 1972 1610 2032 satyron
1645 1973 1775 2033 codice
1812 1976 1927 2036 paruo

1075 2016 1249 2076 Persius.
1294 2020 1370 2080 arte
1401 2020 1500 2080 noua
1530 2024 1773 2084 impressus.
1810 2028 1856 2088 &
1871 2032 2061 2092 ingenue.

1022 2068 1190 2128 Foelices
1212 2072 1285 2132 igit
1307 2075 1563 2135 alemannos.
1599 2076 1680 2136 arte
1709 2080 1892 2140 magistra

1083 2124 1156 2184 Qui
1180 2124 1309 2184 studia
1333 2127 1519 2187 ornantes
1544 2131 1568 2191 /
1584 2129 1696 2189 fertis
1720 2132 1745 2192 in
1777 2132 1882 2192 astra
1906 2136 2108 2196 gradum;

957 2188 974 2248 A
1016 2188 1267 2248 manuscript
1292 2193 1379 2253 copy
1413 2196 1447 2256 of
1474 2196 1655 2256 Juvenal,
1672 2200 1767 2260 with
1793 2200 1922 2260 verses
1948 2200 1991 2260 by
2026 2207 2268 2267 Windsberg
2293 2212 2362 2272 and

906 2243 928 2303 à
951 2240 1248 2300 commentary,
1262 2244 1336 2304 was
1359 2248 1567 2308 presented
1596 2250 1626 2310 to
1656 2252 1782 2312 Pierre
1805 2252 1968 2312 Doriole
1990 2256 2102 2316 when
2132 2261 2369 2321 Chancellor

906 2295 948 2355 of
973 2292 1143 2352 France,
1159 2296 1201 2356 an
1226 2296 1336 2356 office
1362 2296 1396 2356 to
1421 2300 1548 2360 which
1573 2300 1616 2360 he
1649 2304 1810 2364 attained
1844 2307 1885 2367 on
1919 2308 1953 2368 26
1987 2308 2105 2368 June,
2122 2315 2240 2375 1472.
2275 2314 2375 2374 This

901 2344 999 2404 copy
1035 2344 1063 2404 is
1080 2347 1196 2407 taken
1224 2348 1259 2408 to
1286 2348 1331 2408 be
1357 2351 1394 2411 an
1430 2352 1662 2412 immediate
1689 2356 1905 2416 precursor
1931 2360 1967 2420 of
1994 2360 2047 2420 the
2075 2364 2254 2424 edition,
2272 2364 2307 2424 as
2334 2368 2361 2428 in

910 2396 1024 2456 other
1041 2396 1173 2456 cases,
1191 2400 1226 2460 so
1252 2404 1341 2464 that
1358 2404 1419 2464 the
1445 2405 1524 2465 date
1551 2409 1780 2469 mentioned
1815 2412 1937 2472 would
1964 2416 2104 2476 supply
2131 2420 2148 2480 a
2175 2420 2359 2480 terminus

906 2451 1001 2511 post
1024 2452 1169 2512 quem.

960 2524 1039 2584 272
1065 2524 1083 2584 X
1118 2528 1189 2588 197
1224 2529 1339 2589 mm.
1383 2532 1585 2592 Without
1612 2536 1683 2596 the
1718 2539 1877 2599 blank.
1912 2540 2106 2600 Beneath
2141 2544 2212 2604 the
2247 2544 2361 2604 colo-

907 2592 1021 2652 phon
1055 2590 1081 2650 is
1107 2592 1273 2652 written
1307 2595 1325 2655 a
1351 2599 1638 2659 monogram,
1656 2604 1908 2664 apparently
1943 2608 2238 2668 representing
2274 2610 2370 2670 IW,

969 2671 1195 2731 Grenville
1233 2676 1337 2736 copy
1364 2677 1450 2737 (G.
1468 2684 1628 2744 9522).

2097 2688 2179 2748 IB.
2198 2692 2371 2752 39029.

903 2813 1075 2873 PTUS
1124 2817 1211 2877 II.
1260 2820 1347 2880 De
1383 2824 1616 2884 duobus
1642 2828 2011 2888 amantibus.
2060 2835 2370 2895 Undated.

968 2900 1025 2960 1a.
1045 2904 1198 2964 Aenea
1226 2905 1352 2965 siluii
1371 2908 1505 2968 poata
1552 2910 1773 2970 laureati/
1783 2916 1821 2976 in
1849 2916 2041 2976 hystoria
2109 2920 2367 2980 dduobus

894 2964 1126 3024 amatibus
1156 2968 1277 3028 pfatio
1317 2972 1458 3032 prima
1488 2972 1529 3032 ad
1569 2975 1640 3035 per
1690 2980 1972 3040 quigenerosum
2023 2983 2174 3043 militem
2204 2984 2367 3044 Caspa¬

892 3026 961 3086 rem
1030 3031 1116 3091 Slik
1159 3032 1263 3092 fœli
1297 3032 1418 3092 citer
1452 3036 1633 3096 incipit.

1727 3044 2014 3104 MAgnifico
2070 3048 2109 3108 &
2142 3048 2349 3108 generoso

889 3091 990 3151 mili
1026 3093 1073 3153 ti
1109 3096 1293 3156 domino
1329 3100 1513 3160 caspari
1540 3100 1614 3160 slik

1742 3109 1817 3169 ..
1865 3109 1934 3169 2b.
1968 3108 2113 3168 Aenee
2153 3112 2277 3172 siluii
2312 3115 2346 3175 in

893 3153 1089 3213 hystoria
1117 3156 1163 3216 de
1191 3160 1368 3220 duobus
1396 3164 1555 3224 amanti¬
1583 3164 1658 3224 bus
1686 3168 1816 3228 prfatio
1854 3172 2040 3232 secunda
2078 3172 2115 3232 ad
2152 3176 2368 3236 Marianum

891 3218 1099 3278 Sozinu/
1118 3220 1166 3280 Se
1222 3224 1383 3284 nensem
1439 3228 1448 3288 /
1468 3228 1771 3288 iurisutriusque
1790 3235 2149 3295 pspicacissimum
2197 3240 2330 3300 inter¬

900 3280 1040 3340 prétem
1104 3287 1300 3347 iocunde
1337 3292 1524 3352 incipit.
1572 3296 1673 3356 44b,
1711 3296 2009 3356 COLOPHON:
2038 3300 2187 3360 Aenee
2233 3304 2345 3364 Siluu

896 3344 1017 3404 poete
1060 3348 1243 3408 laureati
1278 3352 1329 3412 de
1365 3356 1547 3416 duobus
1617 3360 1860 3420 amatibus
1895 3363 2052 3423 eurialo
2095 3364 2147 3424 &
2173 3366 2355 3426 lucresia

895 3410 993 3470 finit
1017 3412 1197 3472 foelicit.

950 3486 1124 3546 Quarto.
1161 3485 1290 3545 Ja-d1o
1308 3489 1373 3549 e6.
1419 3492 1465 3552 46
1483 3492 1639 3552 leaves,
1659 3496 1713 3556 the
1741 3496 1814 3556 last
1833 3500 1907 3560 two
1925 3500 2073 3560 blank.
2100 3502 2165 3562 22:
2183 3507 2220 3567 23
2247 3506 2368 3566 lines,

892 3540 962 3600 133
980 3537 997 3597 X
1024 3536 1130 3596 86-8
1165 3540 1272 3600 mm.
1298 3543 1448 3603 Type:
1474 3544 1545 3604 115
1580 3547 1634 3607 R.
1669 3548 1836 3608 Capital
1862 3552 2022 3612 spaces.
2057 3556 2357 3616 Line-endings

892 3591 1128 3651 sometimes
1149 3592 1365 3652 irregular.
1394 3596 1494 3656 Hain
1530 3600 1623 3660 216.
1659 3600 1824 3660 Claudin
1853 3604 1938 3664 xix.

949 3660 1036 3720 The
1065 3660 1172 3720 dates
1200 3664 1240 3724 of
1269 3664 1347 3724 this
1366 3665 1433 3725 and
1473 3668 1530 3728 the
1560 3668 1764 3728 following
1793 3672 1890 3732 tract
1919 3673 2064 3733 cannot
2084 3677 2132 3737 be
2161 3680 2355 3740 precisely

889 3712 1167 3772 determined.

953 3784 1078 3844 197X
1114 3788 1176 3848 136
1212 3792 1328 3852 mm.
1373 3792 1577 3852 Without
1605 3796 1676 3856 the
1703 3796 1882 3856 blanks.
1917 3800 2042 3860 Fully
2078 3804 2355 3864 rubricated.

890 3852 998 3912 Each
1034 3852 1270 3912 type-page
1297 3856 1496 3916 enclosed
1532 3859 1568 3919 in
1604 3858 1668 3918 red
1704 3860 1840 3920 rules.
1876 3864 2102 3924 Formerly
2129 3868 2211 3928 pp.
2229 3868 2336 3928 219-

887 3918 965 3978 306
1000 3916 1044 3976 of
1070 3916 1078 3976 a
1113 3916 1452 3976 tract-volume.
1486 3923 1582 3983 The
1617 3924 1695 3984 last
1721 3924 1807 3984 leaf
1833 3924 1878 3984 of
1895 3926 1990 3986 text
2017 3928 2051 3988 is
2077 3932 2330 3992 mutilated.

952 3994 1131 4054 Bought
1160 3996 1191 4056 in
1220 3998 1449 4058 October,
1469 4003 1598 4063 1899.

2072 4010 2159 4070 IA.
2188 4019 2352 4079 39035.

884 4140 1238 4200 SENECA,
1275 4144 1496 4204 LUCIUS
1546 4151 1864 4211 ANNAEUS.
1925 4152 2012 4212 De
2060 4160 2330 4220 quattuor

956 4223 1310 4283 virtutibus.

2042 4240 2339 4300 Undated.

952 4306 1013 4366 1a.
1034 4308 1199 4368 Senecæ
1240 4309 1426 4369 Moralis
1457 4316 1716 4376 philosophi
1736 4318 1788 4378 de
1819 4320 2036 4380 quattuor
2098 4324 2345 4384 uirtutibus

885 4368 1063 4428 libellus
1094 4368 1293 4428 foeliciter
1323 4376 1502 4436 incipit.
1591 4380 1860 4440 QJVattuor
1890 4384 2079 4444 uirtutum
2139 4389 2327 4449 species.

879 4433 923 4493 ex
966 4436 1125 4496 multis
1160 4436 1405 4496 sapientium
1520 4442 1757 4502 sententiis
1844 4444 2046 4504 definitæe
2081 4448 2187 4508 sunt
2222 4452 2239 4512 .
2274 4453 2292 4513 .

886 4501 953 4561 4°,
983 4499 1283 4559 COLOPHON:
1311 4504 1671 4564 Prudendissimi
1710 4508 1874 4568 Senecæ
1923 4512 2165 4572 opusculum
2234 4516 2282 4576 de

879 4560 1088 4620 quattuor
1121 4564 1386 4624 uirtutibus.
1426 4568 1531 4628 finit
1555 4572 1781 4632 foeliciter;

934 4632 1068 4692 Folio.
1104 4637 1193 4697 Ja“.1
1220 4640 1239 4700 4
1265 4636 1417 4696 leaves.
1454 4640 1516 4700 32:
1543 4646 1588 4706 32
1605 4644 1730 4704 lines,
1758 4648 1857 4708 184X
1883 4648 2035 4708 113-14
2072 4652 2170 4712 mm.
2197 4656 2340 4716 Type:

880 4686 951 4746 115
972 4688 1033 4748 R.
1055 4688 1218 4748 Capital
1229 4692 1393 4752 spaces.
1414 4692 1507 4752 Part
1528 4696 1558 4756 of
1579 4696 1682 4756 Hain
1713 4700 1796 4760 907,
1816 4700 1847 4760 of
1878 4704 2197 4764 Gesamtkatalog
2228 4709 2340 4769 1609.

879 4740 945 4800 and
978 4739 1018 4799 of
1045 4740 1211 4800 Claudin
1244 4740 1344 4800 xxii.

935 4791 1033 4851 This
1063 4792 1141 4852 text
1161 4792 1190 4852 is
1219 4792 1279 4852 the
1298 4796 1397 4856 work
1426 4796 1466 4856 of
1495 4796 1555 4856 St.
1574 4800 1742 4860 Martin,
1761 4804 2016 4864 Archbishop
2047 4807 2085 4867 of
2105 4810 2253 4870 Braga,
2273 4812 2341 4872 but

876 4844 912 4904 is
930 4844 1022 4904 here
1050 4844 1225 4904 retained
1252 4848 1382 4908 under
1409 4849 1465 4909 the
1492 4848 1612 4908 name
1639 4852 1676 4912 of
1704 4856 1841 4916 Seneca
1870 4860 1933 4920 for
1952 4860 2246 4920 convenience.

2519 615 2620 675 This
2653 620 2753 680 tract
2775 620 2864 680 was
2886 628 3041 688 printed
3074 628 3108 688 in
3141 632 3419 692 combination
3451 636 3541 696 with
3574 640 3841 700 Ambrosius.
3863 648 3918 708 De

2464 668 2621 728 officiis,
2659 672 2741 732 sine
2772 676 2897 736 nota'.

2517 740 2635 800 275X
2671 744 2747 804 192
2776 744 2894 804 mm.
2929 749 3229 809 Rubricated.

2518 816 2692 876 Bought
2720 819 2757 879 in
2784 822 2922 882 June,
2950 829 3078 889 1845.

3636 834 3730 894 IB.
3751 848 3929 908 39039.

2474 996 2827 1056 GERSON,
2856 1008 3182 1068 JOHANNES.
3238 1012 3319 1072 De
3360 1016 3782 1076 contractibus.

3601 1100 3912 1160 Undated.

2509 1156 2583 1216 1a.
2604 1160 2869 1220 Doctissimi
2943 1168 3219 1228 acutissimiq
3273 1173 3356 1233 viri
3431 1176 3642 1236 Iohannis

2453 1221 2643 1281 sanno/
2685 1228 2886 1288 theologi
2918 1232 3140 1292 doctoris,
3194 1232 3246 1292 et
3278 1237 3373 1297 insi
3415 1240 3521 1300 gnis
3554 1243 3744 1303 parision
3796 1248 3913 1308 eccle

2457 1284 2673 1344 cancellarij
2695 1291 2715 1351 /
2725 1291 2900 1351 libellus
2963 1292 3004 1352 de
3034 1296 3272 1356 atractibus
3293 1300 3479 1360 feliciter
3500 1307 3676 1367 incipit.
3686 1308 3758 1368 I.
3768 1308 3914 1368 PRO¬

2457 1348 2699 1408 LoGvs.
2760 1356 2905 1416 OIVI
2929 1360 3075 1420 volunt
3098 1360 3255 1420 diuites
3279 1364 3376 1424 fieri
3388 1364 3593 1424 incidunt
3619 1370 3655 1430 in
3678 1372 3884 1432 lasqueum

2452 1412 2624 1472 diaboli

2743 1422 2821 1482 .
2875 1420 2971 1480 216.
3016 1424 3288 1484 Composuit
3323 1428 3411 1488 hoc
3455 1432 3649 1492 ospulum
3710 1436 3912 1496 lugduni

2449 1476 2666 1536 iohannes
2717 1480 2933 1540 cancella
2975 1485 3067 1545 rius
3120 1492 3347 1552 parisiesis
3389 1492 3502 1552 anno
3553 1495 3636 1555 dni
3687 1500 3904 1560 milesimo

2453 1540 2632 1600 quadrin
2676 1548 3154 1608 gentesimovicesimo

3439 1560 3652 1620 Spaddita
3706 1564 3774 1624 est
3820 1564 3896 1624 etiä

2445 1604 2617 1664 seorsum
2675 1608 2799 1668 tertia
2828 1612 2962 1672 pars;
3001 1616 3097 1676 322,
3117 1616 3212 1676 END
3251 1618 3299 1678 OF
3327 1620 3490 1680 TEXT:
3510 1624 3567 1684 ..
3587 1628 3606 1688 .
3634 1627 3692 1687 tam
3749 1628 3893 1688 diuino

2448 1671 2496 1731 que
2515 1668 2700 1728 humano
2768 1675 2865 1735 iure
2894 1678 3176 1738 damnatam;
3243 1684 3583 1744 (COLOPHON:)
3602 1688 3729 1748 Finit
3748 1692 3903 1752 tracta¬

2448 1732 2513 1792 tus
2551 1732 2702 1792 putilis
2730 1736 2795 1796 tam
2851 1740 3021 1800 iuristis
3049 1744 3097 1804 quam
3125 1744 3342 1804 theologis
3416 1748 3454 1808 in
3492 1752 3670 1812 materia
3709 1752 3756 1812 de
3793 1756 3896 1816 con¬

2446 1796 2685 1856 tractibus.
2716 1800 2883 1860 edibus
2904 1803 2945 1863 ab
2986 1808 3143 1868 eximio
3174 1808 3310 1868 sacre
3341 1812 3559 1872 theologie
3590 1816 3778 1876 prfessore
3819 1820 3829 1880 /
3850 1822 3892 1882 ac

2440 1858 2628 1918 insignis
2659 1864 2838 1924 ecclesie
2868 1868 3007 1928 parisil
3017 1870 3137 1930 lensis
3156 1874 3446 1934 meritissimo
3475 1880 3735 1940 cancellario
3764 1884 3905 1944 magi¬

2436 1924 2523 1984 stro
2554 1925 2743 1985 iohanne
2821 1931 2869 1991 de
2900 1932 3120 1992 gersono;

2506 1993 2677 2053 Quarto.
2707 1996 2747 2056 Ja
2778 1992 2848 2052 b10
2878 1995 2969 2055 cla.)
3009 2005 3048 2065 32
3080 2004 3230 2064 leaves.
3270 2009 3341 2069 44:
3361 2012 3411 2072 29
3441 2014 3562 2074 lines,
3592 2016 3693 2076 131X
3723 2018 3764 2078 86
3794 2020 3905 2080 mm.

2441 2047 2585 2107 Type:
2601 2047 2646 2107 90
2676 2048 2737 2108 G.
2767 2052 2935 2112 Capital
2951 2054 3110 2114 spaces.

2495 2108 2600 2168 Only
2629 2108 2688 2168 the
2717 2112 2813 2172 early
2841 2116 2967 2176 forms
2987 2116 3025 2176 of
3044 2117 3083 2177 I,
3103 2120 3161 2180 L,
3180 2120 3237 2180 and
3276 2124 3285 2184 P
3325 2124 3440 2184 occur
3469 2125 3499 2185 in
3528 2128 3595 2188 this
3614 2130 3740 2190 tract,
3750 2132 3817 2192 and
3846 2135 3894 2195 its

2438 2162 2764 2222 measurements
2791 2165 2854 2225 are
2882 2168 3081 2228 identical
3099 2172 3189 2232 with
3225 2172 3343 2232 those
3370 2176 3415 2236 of
3442 2180 3506 2240 the
3533 2183 3732 2243 Exempla
3760 2188 3885 2248 sacrae

2439 2212 2692 2272 Scripturae,
2713 2217 2808 2277 'sine
2840 2220 2977 2280 nota',
2988 2220 3113 2280 which
3144 2224 3177 2284 is
3198 2227 3271 2287 the
3292 2228 3451 2288 earliest
3482 2232 3577 2292 book
3609 2236 3757 2296 printed
3799 2237 3882 2297 with

2438 2264 2500 2324 the
2527 2268 2617 2328 type
2643 2268 2715 2328 (see
2742 2268 2849 2328 plate
2876 2272 2975 2332 1909
2993 2273 3011 2333 0
3047 2276 3082 2336 of
3110 2276 3172 2336 the
3198 2277 3315 2337 Type
3342 2280 3547 2340 Facsimile
3575 2286 3780 2346 Society).
3808 2288 3843 2348 It
3870 2291 3897 2351 is

2440 2316 2639 2376 therefore
2672 2322 2772 2382 here
2815 2324 2948 2384 placed
2992 2328 3037 2388 at
3059 2328 3125 2388 the
3170 2332 3269 2392 head
3314 2332 3358 2392 of
3390 2336 3456 2396 the
3490 2338 3623 2398 books
3656 2340 3887 2400 containing

2439 2369 2524 2429 type
2555 2371 2597 2431 90
2628 2372 2689 2432 G.

2499 2440 2568 2500 208
2600 2440 2616 2500 X
2647 2444 2718 2504 144
2756 2445 2866 2505 mm.
2905 2449 3202 2509 Rubricated.

2498 2516 2678 2576 Bought
2696 2516 2730 2576 in
2765 2520 3040 2580 December,
3067 2526 3205 2586 1885.

3619 2539 3704 2599 IA.
3732 2541 3892 2601 39085.

2437 2696 2847 2756 DURANTI,
2881 2706 3270 2766 GULIELMUS.
3315 2712 3612 2772 Rationale
3646 2720 3873 2780 diuino¬

2500 2779 2599 2839 rum
2671 2784 3030 2844 officiorum.

3367 2790 3452 2850 *13
3502 2800 3685 2860 April,
3721 2808 3880 2868 1475.

2487 2860 2557 2920 24.
2587 2860 2808 2920 Rationale
2849 2864 3079 2924 diuinorum
3139 2868 3391 2928 officioru/
3420 2876 3470 2936 do
3530 2876 3722 2936 ctissimi
3742 2880 3881 2940 patris

2441 2920 2677 2980 Guillermi
2700 2928 2904 2988 episcopi
2960 2932 3140 2992 ecclesie
3163 2936 3423 2996 Minatésis.
3456 2940 3614 3000 incipit
3637 2940 3840 3000 feliciter.

2439 2984 2663 3044 OVecuq
2712 2988 2752 3048 in
2801 2992 3035 3052 ecciasticis
3124 2996 3290 3056 officijs
3319 3000 3457 3060 rebus
3495 3004 3534 3064 ac
3584 3004 3681 3064 orna
3720 3008 3877 3068 mentis

2414 3048 2634 3108 osistunt.

2837 3056 2966 3116 3022,
3007 3060 3306 3120 COLOPHON:
3347 3064 3574 3124 Rationale
3622 3068 3857 3128 diuinorum

2428 3112 2571 3172 officio
2613 3115 2695 3175 rum
2766 3117 2961 3177 feliciter
3003 3122 3126 3182 finit.
3178 3126 3311 3186 3032.
3343 3128 3516 3188 Diuisio
3568 3132 3794 3192 tractatuum
3835 3134 3866 3194 in

2435 3176 2620 3236 capitula
2650 3180 2712 3240 seu
2754 3180 2795 3240 ru
2825 3184 2969 3244 bricas
3000 3189 3103 3249 ...
3134 3192 3268 3252 3052,
3288 3189 3380 3249 col.
3402 3192 3453 3252 2:
3473 3193 3534 3253 Ad
3577 3196 3853 3256 intelligentiam

2423 3240 2594 3300 seqintis
2624 3244 2765 3304 tabule
2795 3244 2864 3304 est
2925 3248 3156 3308 notandu.
3186 3252 3277 3312 ...
3317 3256 3447 3316 305b.
3467 3256 3638 3316 Tabula
3658 3260 3868 3320 notabiliu

2419 3301 2618 3361 secundû
2668 3308 2856 3368 ordinem
2995 3313 3244 3373 alphabeti;
3285 3316 3453 3376 incipit
3493 3320 3702 3380 feliciter.
3761 3324 3892 3384 3184,

2431 3368 2680 3428 PRINTERS'
2690 3372 2982 3432 COLOPHON:
3003 3376 3177 3436 Tabula
3199 3380 3328 3440 super
3350 3380 3556 3440 rationali
3577 3384 3686 3444 diui¬
3718 3388 3847 3448 norum

2425 3429 2589 3489 officion
2632 3432 2819 3492 feliciter
2851 3436 2972 3496 finit.
3037 3440 3267 3500 Impressa
3299 3444 3497 3504 parisius
3519 3448 3540 3508 p
3585 3452 3770 3512 martinû

2434 3492 2551 3552 viricu
2587 3496 2610 3556 /
2634 3496 2669 3556 et
2705 3500 2940 3560 michaele.
2964 3504 3094 3564 Anno
3129 3506 3212 3566 dni
3270 3512 3743 3572 .M.CCCC.LXXV.
3766 3516 3836 3576 die

2422 3560 2511 3620 xiij.
2534 3560 2705 3620 mensis
2726 3564 2904 3624 aprilis.

2475 3632 2613 3692 Folio.
2644 3636 2732 3696 Ja-z
2762 3632 2901 3692 A-Plo
2921 3632 3020 3692 G12;
3050 3639 3079 3699 aa
3109 3646 3228 3706 bbs.)
3258 3645 3326 3705 318
3367 3644 3515 3704 leaves,
3536 3648 3595 3708 the
3624 3652 3714 3712 first
3734 3652 3871 3712 blank.

2415 3684 2434 3744 2
2481 3684 2678 3744 columns.
2725 3688 2791 3748 32:
2819 3692 2867 3752 46
2904 3692 3036 3752 lines,
3064 3692 3167 3752 208X
3195 3696 3271 3756 140
3308 3696 3411 3756 mm.
3459 3701 3618 3761 Types:
3656 3704 3722 3764 114
3769 3707 3872 3767 SG.,

2416 3736 2609 3796 printers'
2626 3740 2854 3800 colophon;
2880 3744 2922 3804 9o
2947 3744 3006 3804 G.
3032 3748 3191 3808 Capital
3209 3749 3369 3809 spaces.
3394 3752 3504 3812 Hain
3529 3756 3656 3816 6476.
3682 3756 3875 3816 Gesamt-

2413 3788 2566 3848 katalog
2600 3792 2720 3852 9108.

2472 3851 2573 3911 This
2602 3856 2769 3916 appears
2797 3856 2825 3916 to
2862 3856 2909 3916 be
2937 3860 3001 3920 the
3030 3862 3188 3922 earliest
3216 3864 3355 3924 edition
3392 3868 3625 3928 containing
3653 3872 3690 3932 an
3727 3875 3866 3935 alpha¬

2410 3904 2563 3964 betical
2579 3908 2679 3968 table
2709 3908 2748 3968 of
2771 3909 2832 3969 the
2864 3912 3063 3972 principal
3087 3916 3286 3976 contents.

2460 3968 2484 4028 A
2525 3968 2599 4028 line
2623 3968 2664 4028 of
2688 3972 2770 4032 text
2795 3972 2860 4032 has
2885 3975 2974 4035 been
3007 3976 3171 4036 omitted
3204 3979 3252 4039 by
3277 3980 3343 4040 the
3367 3984 3621 4044 compositor
3637 3988 3678 4048 at
3694 3988 3760 4048 the
3784 3988 3857 4048 end

2408 4020 2452 4080 of
2478 4020 2583 4080 quire
2619 4024 2680 4084 In)
2707 4025 2874 4085 (porstum
2926 4028 2944 4088 .
2961 4028 2979 4088 .
2996 4028 3014 4088 .
3041 4032 3348 4092 tremontanal).
3383 4036 3418 4096 It
3445 4036 3481 4096 is
3498 4040 3683 4100 supplied
3718 4044 3753 4104 in
3779 4044 3858 4104 this

2409 4075 2505 4135 copy
2536 4076 2569 4136 in
2600 4076 2871 4136 manuscript,
2886 4082 3077 4142 probably
3109 4084 3149 4144 by
3181 4085 3245 4145 the
3268 4086 3380 4146 press
3404 4088 3563 4148 reader.

2473 4148 2594 4208 320X
2620 4152 2699 4212 238
2733 4152 2846 4212 mm.
2890 4156 3073 4216 Capital
3099 4156 3142 4216 on
3186 4160 3229 4220 22
3264 4161 3534 4221 illuminated
3568 4166 3604 4226 in
3647 4168 3743 4228 gold
3777 4168 3856 4228 and

2418 4212 2609 4272 colours,
2628 4213 2743 4273 other
2773 4220 2944 4280 capitals
2973 4220 3165 4280 supplied
3193 4220 3222 4280 in
3259 4224 3355 4284 red.
3384 4224 3672 4284 Manuscript
3691 4232 3853 4292 quiring

2418 4276 2463 4336 (in
2500 4276 2563 4336 the
2592 4280 2738 4340 upper
2765 4283 3022 4343 right-hand
3059 4284 3215 4344 corner
3242 4288 3288 4348 of
3306 4288 3380 4348 the
3407 4291 3563 4351 page),
3582 4292 3856 4352 catchwords

2404 4337 2481 4397 and
2516 4340 2680 4400 section
2715 4344 2984 4404 references.
3018 4348 3209 4408 Beneath
3243 4349 3312 4409 the
3339 4352 3556 4412 printers'
3573 4356 3789 4416 colophon
3824 4359 3858 4419 is

2406 4404 2614 4464 written:
2650 4408 2922 4468 Venerabilis
2967 4412 3012 4472 et
3048 4412 3320 4472 circuspect?
3356 4412 3429 4472 vir
3465 4418 3601 4478 Magr
3637 4420 3854 4480 Nicolaus

2410 4468 2612 4528 coiffardj
2652 4468 2733 4528 pbr
2773 4472 2934 4532 decan?
2974 4472 3115 4532 trecen
3156 4476 3377 4536 (Troyes)
3407 4479 3448 4539 et
3478 4480 3579 4540 hui?
3609 4482 3680 4542 sci
3710 4484 3860 4544 stephi

2404 4528 2555 4588 eccliaz
2600 4532 2814 4592 canonic?
2849 4533 2973 4593 dedit
3000 4536 3090 4596 hûc
3125 4540 3231 4600 libru
3277 4540 3321 4600 ad
3365 4540 3436 4600 vsu
3482 4544 3659 4604 librarie
3695 4548 3748 4608 pô
3784 4548 3855 4608 sci

2406 4593 2555 4653 stephj
2583 4596 2744 4656 ecclie.
2781 4598 2913 4658 Orate
2951 4599 3027 4659 deu
3073 4604 3092 4664 p
3139 4604 3214 4664 eo.
3252 4604 3365 4664 With
3411 4605 3478 4665 the
3516 4608 3779 4668 book-label
3807 4612 3854 4672 of

2405 4657 2575 4717 George
2603 4660 2772 4720 Dunn,
2791 4660 2979 4720 Woolley
3007 4664 3139 4724 Hall,
3158 4668 3225 4728 and
3262 4669 3629 4729 bibliographical
3657 4672 3770 4732 notes
3799 4676 3845 4736 by

2400 4720 2465 4780 him
2530 4721 2576 4781 on
2613 4724 2632 4784 a
2669 4724 2762 4784 leaf
2790 4727 2837 4787 of
2865 4728 3004 4788 paper
3032 4728 3078 4788 on
3126 4732 3264 4792 which
3302 4732 3376 4792 the
3413 4735 3534 4795 blank
3572 4736 3673 4796 first
3701 4740 3785 4800 leaf
3813 4740 3850 4800 is

2398 4784 2643 4844 mounted.

2459 4860 2646 4920 Bought
2670 4863 2704 4923 in
2739 4864 2997 4924 February,
3020 4873 3148 4933 1914.

3583 4880 3674 4940 IB.
3696 4888 3866 4948 39053.
