4288 6016
920 644 1487 704 HAZARDIERE,
1534 647 1757 707 PETRUS
1823 647 1891 707 DE
1957 648 2054 708 LA.
2140 648 2380 708 Summa

2077 728 2384 788 Undated.

990 728 1350 788 rhetoricae.

983 824 1046 884 12.
1070 824 1316 884 INCIPIT
1355 824 1578 884 SVMMA
1625 824 1871 884 RETHO-
1895 824 2038 884 RICE
2085 824 2363 884 CONDITA

924 888 1015 948 PER
1066 889 1399 949 egregium.P.
1428 888 1477 948 de
1513 888 1548 948 la
1584 888 1833 948 hazardiere
1875 888 2074 948 nacionis
2110 888 2336 948 normanie

919 952 1286 1012 rothomagensium
1350 952 1653 1012 canonicum;

1727 952 2016 1012 RJEthorica
2057 952 2126 1012 est
2153 952 2222 1012 ars
2263 952 2373 1012 arciù

913 1016 1104 1076 ceteraru
1151 1016 1328 1076 exposi-
1362 1016 1444 1076 tiua
1484 1020 1498 1080 .
1525 1020 1545 1080 .
1573 1019 1594 1079 .
1641 1020 1737 1080 19b,
1771 1016 2064 1076 COLOPHON:
2097 1016 2369 1076 ExPLICIT

916 1076 1077 1136 NOVA
1133 1080 1547 1140 RETHO-RICA
1595 1076 1927 1136 MAGISTRI
1959 1080 2154 1140 PETRI
2250 1084 2299 1144 de
2347 1080 2379 1140 la

909 1144 1192 1204 hazardiere.
1239 1144 1331 1204 Deo
1363 1144 1561 1204 gracias;

970 1228 1144 1288 Quarto.
1173 1229 1208 1289 Ja
1231 1224 1318 1284 b*.
1364 1228 1411 1288 20
1439 1228 1585 1288 leaves,
1602 1228 1666 1288 the
1695 1228 1765 1288 last
1788 1228 1927 1288 blank.
1956 1228 2026 1288 22:
2043 1228 2084 1288 25
2113 1228 2229 1288 lines,
2252 1235 2350 1295 134X

920 1281 1015 1341 85-6
1044 1284 1145 1344 mm.
1180 1284 1322 1344 Type:
1346 1284 1417 1344 107
1446 1280 1541 1340 GR.
1577 1281 1742 1341 Capital
1760 1280 1902 1340 spaces
1925 1283 1967 1343 on
2009 1280 2044 1340 12
2068 1282 2138 1342 and
2174 1280 2233 1340 9b.
2269 1284 2363 1344 Hain

920 1336 1050 1396 8412.

971 1412 1054 1472 The
1082 1416 1253 1476 number
1281 1412 1320 1472 of
1342 1412 1436 1472 lines
1464 1413 1497 1473 to
1525 1416 1586 1476 the
1619 1416 1713 1476 page
1741 1416 1768 1476 is
1797 1416 1835 1476 26
1863 1412 1907 1472 on
1940 1413 2002 1473 the
2029 1412 2178 1472 inmost
2201 1416 2317 1476 sheet
2339 1416 2378 1476 of

918 1469 1020 1529 quire
1055 1468 1108 1528 sal
1133 1468 1198 1528 and
1234 1468 1293 1528 the
1323 1468 1478 1528 inmost
1496 1468 1669 1528 opening
1704 1468 1740 1528 of
1763 1468 1871 1528 quire
1901 1471 1985 1531 sbl.

972 1553 1047 1613 205
1074 1552 1087 1612 X
1121 1556 1197 1616 145
1224 1552 1339 1612 mm.
1367 1552 1667 1612 Rubricated.
1701 1552 1790 1612 The
1817 1556 1973 1616 second
2008 1556 2123 1616 quire
2150 1556 2177 1616 is
2199 1556 2375 1616 signed,

912 1616 1169 1676 apparently
1202 1620 1236 1680 f,
1263 1619 1290 1679 in
1331 1616 1439 1676 early
1473 1620 1777 1680 manuscript.

979 1710 1163 1770 Bought
1188 1712 1219 1772 in
1252 1712 1404 1772 April,
1428 1712 1564 1772 1858.

2107 1710 2190 1770 IA.
2215 1716 2383 1776 39232.

916 2028 1272 2088 POGGIUS
1324 2032 1957 2092 FLORENTINUS.
2007 2032 2303 2092 Facetiae.

988 2112 1212 2172 Aesopi
1262 2112 1486 2172 fabulae
1544 2115 1643 2175 per
1702 2112 2059 2172 Laurentium
2150 2112 2333 2172 Vallam

994 2196 1701 2256 translatae.—Francisci
1725 2196 2011 2256 Petrarcae
2051 2192 2130 2252 De
2162 2195 2369 2255 salibus

992 2276 1213 2336 virorum
1280 2276 1626 2336 illustrium.

2071 2276 2371 2336 Undated.

972 2368 1041 2428 1b.
1055 2370 1222 2430 Incipit
1243 2372 1388 2432 tabula
1416 2372 1548 2432 super
1575 2372 1756 2432 facecias
1784 2372 1929 2432 pogii;
1957 2372 2027 2432 9a.
2047 2372 2214 2432 Tabula
2241 2372 2373 2432 super

912 2436 1089 2496 facetias
1123 2436 1246 2496 pogii
1273 2432 1457 2492 feliciter
1491 2436 1614 2496 finit;
1662 2434 1758 2494 122.
1785 2433 1908 2493 Pogii
1935 2435 2166 2495 florentini
2194 2436 2371 2496 oratoris

909 2500 1152 2560 clarissimi
1208 2496 1450 2556 facetiarum
1506 2500 1616 2560 liber
1645 2500 1804 2560 incipit
1825 2500 2033 2560 feliciter.
2096 2498 2338 2558 Prologus.

915 2562 1084 2622 mVltos
1116 2560 1292 2620 futuros
1323 2560 1412 2620 esse
1449 2560 1707 2620 arbi¬tror.
1765 2566 1833 2626 ..
1859 2568 1877 2628 .
1928 2563 2047 2623 1042,
2079 2560 2374 2620 COLOPHON:

924 2624 1060 2684 FINI
1182 2625 1319 2685 Pogii
1348 2624 1549 2684 floretini
1577 2624 1807 2684 secretarii
1836 2625 2367 2685 apostolicifetiaru

911 2688 1019 2748 liber
1039 2688 1264 2748 absolutus
1289 2688 1354 2748 est
1367 2688 1579 2748 feliciter;
1611 2688 1734 2748 1052.
1746 2688 1913 2748 Facetie
1939 2688 2126 2748 morales
2145 2688 2376 2748 Laurentii

910 2752 1114 2812 vallensis
1138 2752 1237 2812 alias
1256 2752 1324 2812 eso
1361 2752 1442 2812 pus
1460 2752 1615 2812 grecus
1633 2752 1708 2812 per
1726 2752 1868 2812 dictum
1917 2752 2183 2812 Laurentium
2232 2752 2368 2812 trans¬

914 2816 1025 2876 latus
1092 2816 1322 2876 incipiunt
1345 2816 1553 2876 feliciter.
1620 2816 1836 2876 Prologus
1866 2819 2373 2879 epistolaris.LAu¬

909 2880 1072 2940 rentius
1105 2880 1308 2940 vallensis
1334 2880 1504 2940 insigni
1524 2880 1583 2940 vi¬
1688 2880 1884 2940 Arnoldo
1918 2880 2134 2940 fonelleda
2166 2880 2376 2940 salutem.

946 2944 1022 3004 ...
1062 2944 1184 3004 I13b.
1203 2944 1429 3004 Francisci
1448 2944 1674 3004 petrarche
1706 2940 1751 3000 de
1777 2944 1938 3004 salibus
1963 2940 2131 3000 virorum
2183 2944 2382 3004 illustrium

945 3008 997 3068 ac
1019 3004 1219 3064 faceciis.
1256 3005 1494 3065 Tractatus
1516 3007 1672 3067 incipit
1694 3006 1909 3066 feliciter;
1968 3004 2339 3064 PROLOGVS;

913 3072 1056 3132 (1142)
1085 3071 1279 3131 EJTeni
1301 3068 1336 3128 in
1373 3068 1704 3128 cogitatonibus
1739 3072 1833 3132 inque
1854 3068 2019 3128 actibus
2056 3069 2343 3129 humanis..

916 3132 1038 3192 120b,
1065 3132 1310 3192 PRINTERS'
1345 3132 1636 3192 COLOPHON:
1664 3136 1929 3196 Expliciunt
1957 3132 2106 3192 facetie
2147 3133 2378 3193 Francisci

914 3196 1141 3256 petrarche
1170 3195 1382 3255 impresse
1455 3196 1674 3256 parisius;

968 3284 1138 3344 Quarto.
1164 3277 1236 3337 1
1295 3274 1308 3334 a
1538 3272 1557 3332 d
1689 3272 1708 3332 k

908 3336 1047 3396 blank.
1091 3336 1185 3396 132:
1210 3332 1255 3392 25
1286 3332 1406 3392 lines,
1438 3336 1539 3396 134X
1571 3333 1615 3393 84
1647 3332 1754 3392 mm.
1798 3336 1937 3396 Type:
1969 3332 2038 3392 107
2076 3336 2170 3396 GR.
2215 3336 2378 3396 Capital

908 3388 1063 3448 spaces,
1079 3388 1190 3448 many
1218 3384 1301 3444 with
1335 3384 1634 3444 guide-letters.
1661 3388 1761 3448 Hain
1795 3388 1938 3448 13185.
1966 3384 2149 3444 Aesopus
2166 3388 2365 3448 +Petrar-

911 3440 979 3500 ca:
996 3440 1324 3500 Gesamtkatalog
1358 3440 1455 3500 316.

966 3516 1090 3576 These
1119 3516 1233 3576 tracts
1261 3516 1318 3576 are
1346 3519 1432 3579 here
1466 3516 1687 3576 catalogued
1721 3516 1902 3576 together
1931 3516 1965 3576 as
1988 3519 2073 3579 they
2107 3520 2244 3580 stand,
2261 3520 2363 3580 since

904 3570 992 3630 they
1021 3568 1115 3628 were
1143 3572 1337 3632 probably
1365 3571 1548 3631 intended
1581 3569 1609 3629 to
1643 3572 1720 3632 form
1771 3570 1782 3630 a
1804 3571 1926 3631 single
1953 3572 2159 3632 collection
2192 3569 2231 3629 of
2259 3572 2364 3632 face-

912 3624 1017 3684 tiae',
1034 3621 1106 3681 but
1128 3623 1212 3683 they
1239 3620 1350 3680 could
1383 3620 1428 3680 no
1455 3620 1583 3680 doubt
1605 3620 1644 3680 be
1677 3623 1833 3683 bought
1855 3622 2094 3682 separately.
2127 3624 2209 3684 The
2232 3624 2354 3684 Aesop

905 3673 972 3733 and
1004 3672 1179 3732 Petrarch
1210 3676 1356 3736 appear
1376 3675 1407 3735 to
1438 3672 1475 3732 be
1501 3674 1698 3734 reprinted
1729 3675 1754 3735 in
1785 3676 1796 3736 a
1822 3676 2029 3736 shortened
2060 3676 2132 3736 form
2179 3676 2257 3736 from
2304 3676 2365 3736 the

911 3724 1077 3784 undated
1107 3724 1237 3784 Dutch
1261 3724 1498 3784 (Utrecht?)
1510 3724 1653 3784 edition
1682 3724 1860 3784 (Proctor
1884 3728 1996 3788 8828,
2015 3728 2085 3788 IA.
2103 3728 2264 3788 47013).
2281 3728 2364 3788 The

910 3778 1109 3838 Petrarcan
1148 3780 1231 3840 text
1253 3780 1425 3840 consists
1453 3777 1492 3837 of
1520 3778 1692 3838 extracts
1719 3780 1797 3840 from
1853 3780 1908 3840 the
1942 3780 2080 3840 second
2119 3780 2213 3840 book
2247 3780 2285 3840 of
2307 3780 2363 3840 his

910 3832 988 3892 Res
1010 3832 1325 3892 memorandae.

973 3916 1088 3976 188X
1117 3916 1189 3976 138
1225 3916 1340 3976 mm.
1384 3916 1585 3976 Without
1614 3916 1679 3976 the
1715 3916 1837 3976 blank
1874 3918 1989 3978 tenth
2025 3916 2133 3976 leaf.
2176 3916 2370 3976 Capitals

906 3981 1110 4041 supplied
1139 3980 1183 4040 at
1205 3980 1271 4040 the
1300 3980 1533 4040 beginning
1562 3980 1606 4040 of
1627 3980 1694 4040 the
1723 3983 1912 4043 Poggius
1934 3980 2015 4040 and
2044 3980 2088 4040 of
2109 3980 2175 4040 the
2205 3980 2373 4040 Aesop.

910 4046 1114 4106 Separate
1149 4044 1431 4104 manuscript
1459 4044 1650 4104 foliation
1685 4044 1734 4104 by
1769 4044 1840 4104 the
1875 4044 1988 4104 same
2023 4044 2129 4104 hand
2171 4044 2234 4104 for
2263 4044 2354 4104 each

906 4112 1037 4172 part.

2087 4188 2187 4248 IA.
2206 4196 2375 4256 39234.

909 4492 1414 4552 SALLUSTIUS
1466 4485 1837 4545 CRISPUS,
1868 4488 2084 4548 GAIUS.
2126 4488 2352 4548 Opera.

2063 4568 2373 4628 Undated.

968 4664 1035 4724 12.
1052 4664 1187 4724 CAII
1212 4664 1414 4724 CRISPI
1449 4665 1634 4725 Salustii
1693 4665 1744 4725 de
1819 4664 1929 4724 bello
1963 4664 2215 4724 Catilinario
2250 4664 2359 4724 liber

905 4730 1089 4790 incipit;
1151 4728 1343 4788 OMNIS
1381 4728 1673 4788 HOMINES
1712 4728 1788 4788 qui
1803 4724 1896 4784 sese
1949 4728 2142 4788 student
2165 4728 2356 4788 prestare

907 4792 1058 4852 ceteris
1088 4792 1467 4852 animalibz/...
1497 4795 1603 4855 28b,
1618 4792 1648 4852 l.
1670 4796 1852 4856 16:...
1874 4792 2025 4852 gaudia
2056 4792 2328 4852 agitabatur;

901 4856 1106 4916 FINIS.
1166 4855 1507 4915 (COLOPHON:)

1037 4949 1094 5009 16

2626 634 2673 694 Si
2693 636 2840 696 quisquam
2867 636 3020 696 cupiat
3040 636 3221 696 magnas
3255 636 3315 696 res
3341 636 3522 696 noscere
3555 636 3715 696 gestas.

2688 696 2803 756 Vnde
2839 696 2936 756 viris
2967 698 3101 758 virtus
3131 700 3271 760 maior
3301 696 3435 756 inesse
3471 700 3599 760 solet.

2626 760 2754 820 Nunc
2786 764 2896 824 opus
2921 764 3005 824 hoc
3031 764 3172 824 crispi
3192 760 3301 820 terse
3333 764 3475 824 pressu
3513 764 3603 824 sibi
3622 764 3796 824 querat.

2691 825 2777 885 Quo
2811 824 2918 884 noua
2952 824 3012 884 vis
3046 824 3159 884 lucet
3186 826 3333 886 artis/
3353 824 3400 884 et
3420 825 3607 885 ingenii.
3708 832 3761 892 ..

2527 889 2593 949 (v.
2607 888 2654 948 8)
2681 888 2776 948 Itur
2802 888 2849 948 vt
2869 891 2903 951 in
2944 892 3139 952 facinus,
3172 892 3219 952 et
3239 892 3360 952 labat
3388 889 3516 949 omne
3549 892 3711 952 decus;

2448 1000 2543 1060 292.
2557 1000 2660 1060 Caii
2675 1000 2828 1060 Crispi
2850 1000 3069 1060 Salustii/
3091 1000 3134 1060 de
3163 1000 3273 1060 bello
3302 1000 3588 1060 Iugur-tino
3617 1000 3726 1060 contra
3763 1004 3894 1064 roma¬

2450 1064 2568 1124 nos/
2589 1064 2700 1124 liber
2734 1064 2886 1124 icipit;
2929 1062 3026 1122 862,
3053 1064 3344 1124 COLOPHON:
3372 1064 3434 1124 C.
3463 1064 3615 1124 Crispi
3643 1064 3823 1124 Salustii
3851 1068 3899 1128 de

2446 1124 2567 1184 bello

2658 1128 2928 1188 Iugurthino
2977 1128 3090 1188 liber
3133 1128 3261 1188 finit;
3375 1128 3439 1188 De
3489 1128 3630 1188 morte
3688 1132 3894 1192 Iugurthe

2454 1189 2674 1249 disticon;

2628 1301 2716 1361 Qui
2737 1300 2860 1360 cupis
2887 1300 3051 1360 ignotum
3071 1304 3324 1364 /Iugurthe
3358 1301 3535 1361 noscere
3570 1304 3740 1364 letum.¬

2688 1364 2870 1424 Tarpeie
2896 1364 3063 1424 rupis/
3084 1364 3238 1424 trusus
3264 1364 3305 1424 ad
3345 1364 3426 1424 ima
3459 1366 3566 1426 ruit.

2630 1428 2710 1488 Que
2750 1425 2850 1485 tegit
2877 1425 2950 1485 hec
2984 1428 3132 1488 cespes
3165 1428 3292 1488 mundi
3319 1428 3399 1488 fuit
3426 1428 3540 1488 ipius
3566 1432 3753 1492 hospes.

2679 1488 2846 1548 Dilexit
2868 1490 3015 1550 rabiem
3064 1492 3148 1552 non
3183 1492 3344 1552 habeat
3371 1492 3602 1552 requiem;

2625 1555 2740 1615 Quos
2771 1556 2941 1616 bellona
2977 1556 3087 1616 viros
3117 1556 3196 1616 olim
3251 1556 3494 1616 concusserit
3518 1556 3677 1616 armis.

2679 1618 2854 1678 Egregie
2889 1619 3058 1679 crispus
3092 1618 3268 1678 disserit
3296 1619 3377 1679 hoc
3404 1620 3559 1680 opere.

2626 1682 2831 1742 Quisquis
2864 1683 2979 1743 amas
3011 1684 3140 1744 igitur
3166 1684 3249 1744 nunc
3281 1684 3391 1744 bello
3423 1682 3596 1742 strennus
3622 1684 3738 1744 esse.

2679 1746 2735 1806 Ex
2770 1746 2903 1806 crispo
2937 1748 3077 1808 discas
3112 1744 3237 1804 fortia
3266 1748 3377 1808 facta
3405 1750 3705 1810 sequi..

2616 1808 2750 1868 Abste
2783 1810 2991 1870 percupit
3011 1808 3045 1868 id
3085 1809 3273 1869 preclara
3306 1808 3488 1868 lutecia.
3528 1812 3608 1872 que
3642 1812 3722 1872 sic.

2676 1873 2769 1933 Hos
2801 1872 2934 1932 prope
2965 1872 3113 1932 diuina
3145 1873 3340 1933 perpolit
3365 1872 3450 1932 arte
3482 1874 3646 1934 libros;

2626 1936 2780 1996 Fratrum
2806 1936 2906 1996 cede
2933 1938 3086 1998 madens
3113 1936 3360 1996 numidarum
3380 1936 3480 1996 rconr
3507 1940 3706 2000 iniquus.

2678 2000 2833 2060 Hostis
2860 2000 2941 2060 item
2995 2000 3109 2060 rome
3143 2003 3298 2063 pulsus
3332 2002 3372 2062 ab
3406 2003 3500 2063 arce
3534 2005 3648 2065 ruit;

2500 2104 2670 2164 Quarto.
2710 2099 2848 2159 Ja-h1°
2874 2098 2946 2158 i6.]
2985 2104 3032 2164 86
3071 2104 3222 2164 leaves.
3261 2100 3327 2160 22:
3353 2104 3399 2164 25
3439 2108 3557 2168 lines,
3589 2108 3694 2168 134X
3721 2108 3767 2168 89
3799 2109 3904 2169 mm.

2449 2152 2581 2212 Type:
2613 2156 2682 2216 107
2714 2156 2815 2216 GR.
2858 2156 3022 2216 Capital
3041 2160 3205 2220 spaces,
3230 2160 3243 2220 a
3280 2160 3338 2220 few
3388 2160 3426 2220 at
3451 2160 3514 2220 the
3552 2160 3766 2220 beginning
3804 2164 3886 2224 with

2442 2208 2747 2268 guide-letters.

2494 2304 2578 2364 The
2602 2304 2765 2364 couplet
2784 2308 2826 2368 on
2857 2308 2917 2368 the
2941 2304 3014 2364 last
3038 2308 3128 2368 page
3153 2308 3370 2368 beginning
3407 2308 3498 2368 Qui
3510 2308 3625 2368 cupis
3649 2312 3848 2372 ignotum'
3861 2312 3891 2372 is

2436 2356 2555 2416 found
2584 2356 2613 2416 in
2641 2357 2652 2417 a
2681 2358 2851 2418 number
2875 2356 2914 2416 of
2931 2359 3028 2419 early
3057 2360 3222 2420 editions
3250 2360 3290 2420 of
3307 2360 3472 2420 Sallust,
3489 2360 3563 2420 but
3580 2360 3637 2420 the
3666 2360 3791 2420 verses
3814 2364 3893 2424 that

2438 2408 2528 2468 here
2556 2408 2676 2468 follow
2721 2411 2749 2471 it
2772 2408 2828 2468 are
2863 2412 3038 2472 peculiar
3067 2410 3095 2470 to
3129 2412 3191 2472 the
3219 2412 3395 2472 editions
3423 2412 3463 2472 of
3486 2412 3565 2472 this
3593 2412 3701 2472 press
3730 2412 3797 2472 (cf.
3820 2416 3893 2476 IA.

2451 2464 2561 2524 39258
2600 2460 2761 2520 below).
2805 2462 2889 2522 The
2922 2460 3066 2520 section
3105 2460 3183 2520 from
3249 2464 3366 2524 Quos
3393 2464 3549 2524 bellona
3582 2464 3709 2524 viros'
3731 2464 3765 2524 to
3809 2468 3887 2528 arte

2436 2512 2578 2572 libros'
2607 2512 2680 2572 was
2714 2512 2919 2572 suggested
2959 2515 3004 2575 by
3038 2512 3101 2572 the
3140 2516 3265 2576 verses
3299 2516 3538 2576 concluding
3577 2517 3640 2577 the
3674 2520 3816 2580 edition
3856 2520 3895 2580 of

2444 2567 2676 2627 Friburger,
2704 2568 2882 2628 Gering,
2902 2568 2971 2628 and
3005 2568 3169 2628 Crantz,
3189 2569 3340 2629 [1471?
3381 2572 3469 2632 (IA.
3491 2572 3661 2632 39005).

2494 2664 2590 2724 This
2620 2664 2693 2724 and
2729 2664 2789 2724 the
2825 2664 3025 2724 following
3067 2664 3164 2724 book
3200 2664 3297 2724 were
3333 2668 3539 2728 doubtless
3569 2668 3720 2728 printed
3762 2669 3798 2729 at
3828 2672 3883 2732 the

2438 2716 2540 2776 same
2571 2716 2685 2776 time,
2704 2716 2776 2776 but
2794 2720 2927 2780 might
2951 2720 2994 2780 be
3024 2720 3103 2780 sold
3134 2720 3261 2780 either
3285 2720 3466 2780 together
3484 2720 3533 2780 or
3551 2720 3793 2780 separately.

2504 2820 2618 2880 188X
2650 2824 2726 2884 137
2749 2823 2864 2883 mm.
2895 2820 3048 2880 Bound
3080 2824 3226 2884 before
3256 2824 3333 2884 IA.
3356 2827 3487 2887 39237
3518 2824 3732 2884 (Cicero).
3763 2828 3863 2888 From

2440 2884 2506 2944 the
2544 2884 2820 2944 Sunderland
2857 2888 3066 2948 Library.

2503 2996 2682 3056 Bought
2706 2996 2738 3056 in
2771 2996 2909 3056 May,
2933 2997 3063 3057 1883.

3617 3000 3710 3060 IA.
3729 3002 3906 3062 39236.

2456 3292 2773 3352 CICERO,
2813 3292 3061 3352 MARCUS
3101 3292 3409 3352 TULLIUS.
3458 3292 3518 3352 In
3578 3296 3855 3356 Catilinam

2512 3372 2875 3432 inuectiuae.

3593 3376 3887 3436 Undated.

2504 3484 2559 3544 12.
2583 3484 2749 3544 Incipit
2781 3488 2916 3548 prima
2947 3488 3169 3548 iuectiua.
3208 3488 3414 3548 M.T.C.
3438 3488 3469 3548 in
3565 3488 3628 3548 L.
3659 3488 3865 3548 Catilinä.

2434 3548 2448 3608 i
2469 3548 2652 3608 presetia
2673 3548 2765 3608 eius
2793 3548 2814 3608 in
2828 3557 3328 3617 senatu;OVousque
3342 3552 3476 3612 tanden
3497 3552 3673 3612 abutere
3701 3552 3884 3612 Catilina

2438 3612 2610 3672 pacientia
2646 3612 2847 3672 nostra?
2869 3613 2948 3673 ...
2984 3616 3056 3676 9a.
3078 3612 3243 3672 Incipit
3257 3612 3416 3672 secunda
3444 3616 3632 3676 iuectiua
3704 3616 3833 3676 Tulii
3848 3616 3883 3676 in

2446 3672 2735 3732 Cathilinam;
2797 3677 3046 3737 TJAndem
3093 3676 3296 3736 aliquando
3327 3676 3507 3736 quirites
3531 3679 3546 3739 .
3569 3680 3616 3740 ..
3656 3677 3749 3737 16b.
3773 3676 3889 3736 Finis

2437 3736 2590 3796 secude
2624 3740 2811 3800 iuectiue
2844 3740 2951 3800 tulii
2978 3740 3052 3800 In-
3085 3740 3192 3800 cipit
3219 3740 3352 3800 tercia
3385 3740 3560 3800 eiusdem
3619 3740 3633 3800 i
3660 3740 3893 3800 cathilina;

2433 3804 2531 3864 24°.
2552 3804 2672 3864 Finit
2693 3804 2813 3864 tercia
2841 3804 3088 3864 inuectiua.
3123 3804 3264 3864 Tulii.
3320 3804 3538 3864 Sequitur
3559 3804 3707 3864 quarta
3736 3804 3891 3864 eiusdem

2437 3864 2451 3924 i
2471 3864 2607 3924 euden.
2648 3868 2743 3928 32b,
2770 3868 3063 3928 COLOPHON:
3090 3868 3145 3928 Et
3172 3868 3206 3928 in
3247 3868 3328 3928 hoc
3362 3868 3539 3928 finitur.
3573 3868 3730 3928 quarta
3764 3868 3886 3928 inue¬

2436 3928 2552 3988 ctiua
2618 3928 2794 3988 Marcii
2810 3929 2943 3989 Tulii
2968 3932 3193 3992 Ciceronis
3217 3932 3250 3992 in
3293 3932 3426 3992 Luciu
3500 3932 3758 3992 catilinam;

2496 4032 2665 4092 Quarto.
2698 4033 2731 4093 Ja
2757 4028 2829 4088 b*°
2855 4028 2868 4088 c
2895 4033 2979 4093 d°.]
3019 4036 3058 4096 32
3091 4032 3241 4092 leaves.
3274 4036 3340 4096 42:
3366 4033 3405 4093 25
3437 4036 3555 4096 lines,
3582 4040 3686 4100 133X
3713 4036 3758 4096 90
3784 4032 3889 4092 mm.

2440 4087 2575 4147 Type:
2596 4084 2664 4144 107
2691 4084 2786 4144 GR.
2813 4084 2976 4144 Capital
2997 4088 3153 4148 spaces.
3180 4088 3282 4148 Hain
3316 4088 3432 4148 14190
3459 4089 3540 4149 (2)?
3560 4088 3879 4148 Gesamtkatalog

2438 4143 2565 4203 6779.

2487 4232 2526 4292 In
2552 4232 2612 4292 the
2638 4233 2730 4293 copy
2756 4232 2795 4292 at
2809 4232 2874 4292 the
2900 4236 3137 4296 Cambridge
3163 4232 3393 4292 University
3419 4236 3577 4296 Library
3610 4236 3642 4296 an
3668 4236 3892 4296 additional

2434 4285 2538 4345 quire
2565 4284 2602 4344 of
2624 4284 2679 4344 ten
2706 4284 2830 4344 leaves
2857 4284 2885 4344 is
2907 4284 3053 4344 found,
3069 4284 3292 4344 containing
3324 4284 3379 4344 the
3406 4284 3591 4344 spurious
3612 4286 3830 4346 invectives
3851 4284 3889 4344 of

2437 4336 2599 4396 Catiline
2628 4336 2698 4396 and
2733 4336 2883 4396 Sallust
2901 4336 3052 4396 against
3069 4336 3232 4396 Cicero.
3266 4336 3348 4396 The
3377 4336 3493 4396 Dijon
3522 4336 3615 4396 copy
3638 4336 3771 4396 agrees
3795 4336 3876 4396 with

2435 4388 2491 4448 the
2519 4388 2684 4448 present
2706 4388 2802 4448 copy
2831 4388 2860 4448 in
2893 4388 2961 4448 not
2984 4388 3210 4448 containing
3244 4388 3341 4448 this,
3369 4392 3437 4452 and
3476 4392 3618 4452 Hain's
3646 4392 3884 4452 informant,

2430 4440 2570 4500 Laire,
2589 4440 2650 4500 did
2681 4440 2754 4500 not
2772 4440 2877 4500 know
2920 4441 2956 4501 of
2981 4444 3030 4504 it.

2505 4541 2572 4601 188
2598 4540 2615 4600 X
2649 4543 2725 4603 137
2758 4544 2877 4604 mm.
2920 4544 3071 4604 Bound
3106 4544 3207 4604 with
3249 4548 3334 4608 IA.
3359 4548 3494 4608 39236
3537 4548 3757 4608 (Sallust),
3790 4552 3892 4612 q.v.,

2428 4608 2596 4668 above.

2492 4718 2676 4778 Bought
2701 4716 2735 4776 in
2769 4719 2903 4779 May,
2927 4721 3053 4781 1883.

3610 4720 3704 4780 IA.
3732 4728 3894 4788 39237.
