4288 6016
476 655 529 715 In
561 648 668 708 some
710 640 839 700 copies
871 636 934 696 the
977 633 1063 693 first
1095 632 1159 692 and
1202 632 1287 692 last
1308 632 1426 692 pages
1458 628 1522 688 are
1566 628 1608 688 of
1629 628 1650 688 a
1682 624 1875 684 different

433 704 673 764 setting-up,
708 692 776 752 the
810 690 960 750 incipit
994 684 1040 744 of
1074 684 1143 744 the
1177 684 1337 744 former
1373 680 1578 740 running:
1612 676 1889 736 'Guillermus

432 758 624 818 fichaetus
645 746 870 806 parisiensis
891 738 999 798 theo¬
1009 736 1137 796 Mlogus
1170 732 1297 792 doctor
1329 732 1468 792 Ioanni
1479 732 1661 792 lapidano
1693 728 1875 788 theologo

443 806 622 866 pfessori.
657 796 849 856 S.P.D.,
861 793 933 853 and
957 791 1016 851 the
1041 788 1112 848 end
1135 788 1172 848 of
1196 788 1255 848 the
1280 784 1386 844 latter
1411 784 1602 844 running:
1638 780 1674 840 ac
1709 780 1878 840 diuites.

439 862 506 922 Sed
544 858 613 918 etiä
642 852 787 912 inopes
806 848 855 908 et
874 844 1077 904 pauperes
1096 840 1290 900 estimâdi
1309 840 1435 900 sunt;
1464 836 1590 896 Finis'
1609 836 1726 896 (Hain
1764 839 1891 899 5252,

442 908 790 968 Pellechet-Polain
821 900 964 960 3720).

486 980 522 1040 In
550 974 623 1034 this
651 972 715 1032 and
743 972 807 1032 the
826 968 1029 1028 following
1056 964 1175 1024 books
1203 960 1258 1020 the
1286 960 1406 1020 small
1424 956 1746 1016 narrow-bowled
1783 956 1856 1016 form

437 1036 479 1096 of
499 1035 534 1095 &
555 1031 582 1091 is
603 1025 721 1085 freely
755 1020 874 1080 used.

487 1106 571 1166 285
592 1101 613 1161 X
646 1100 709 1160 207
741 1097 847 1157 mm.
868 1092 1080 1152 Without
1101 1090 1164 1150 the
1187 1088 1367 1148 blanks.
1399 1084 1695 1144 Rubricated.
1716 1082 1865 1142 Bound

445 1171 587 1231 before
620 1165 697 1225 IB.
718 1161 839 1221 39020
871 1156 959 1216 (the
981 1156 1102 1216 same
1135 1155 1332 1215 printer's
1354 1152 1517 1212 edition
1550 1148 1594 1208 of
1616 1148 1682 1208 the
1715 1148 1891 1208 Tuscu¬

431 1240 545 1300 lanae
582 1226 907 1286 quaestiones).

1563 1296 1653 1356 IB.
1678 1296 1815 1356 39015
1849 1292 1889 1352 a.

505 1313 720 1373 Grenville
754 1308 858 1368 copy
884 1304 971 1364 (G.
997 1307 1100 1367 9364
1135 1308 1238 1368 (1)).

443 1546 698 1606 Another
727 1540 903 1600 copy,
934 1536 1052 1596 with
1100 1532 1375 1592 variants.

500 1624 540 1684 In
569 1621 649 1681 this
669 1618 757 1678 copy
788 1612 927 1672 spaces
947 1612 1006 1672 are
1035 1610 1105 1670 left
1135 1608 1383 1668 throughout
1403 1604 1462 1664 for
1492 1604 1552 1664 the
1581 1602 1888 1662 chapter-head¬

440 1678 540 1738 ings,
560 1672 671 1732 which
711 1668 763 1728 are
783 1665 934 1725 printed
964 1664 994 1724 in
1026 1664 1086 1724 the
1116 1660 1319 1720 preceding
1349 1660 1470 1720 copy.
1500 1656 1580 1716 The
1612 1656 1752 1716 incipit
1773 1652 1803 1712 of
1823 1655 1883 1715 the

447 1726 639 1786 Paradoxa
667 1724 712 1784 on
758 1720 850 1780 1194
877 1716 932 1776 is,
959 1716 1161 1776 however,
1188 1712 1344 1772 printed
1381 1711 1454 1771 and
1491 1708 1683 1768 identical
1711 1707 1747 1767 in
1784 1707 1875 1767 both

449 1779 593 1839 copies.
631 1776 651 1836 A
689 1772 862 1832 number
881 1770 928 1830 of
947 1768 1063 1828 pages
1092 1768 1158 1828 and
1188 1764 1322 1824 sheets
1341 1762 1408 1822 are
1427 1762 1474 1822 of
1495 1760 1685 1820 different
1706 1760 1898 1820 settings¬

445 1835 489 1895 up
524 1832 560 1892 in
586 1828 674 1888 each
709 1824 833 1884 copy,
859 1823 921 1883 the
947 1820 1149 1880 following
1177 1816 1379 1876 instances
1405 1816 1547 1876 having
1582 1812 1670 1872 been
1714 1812 1899 1872 noticed:

449 1890 544 1950 page
574 1884 631 1944 bl
650 1880 708 1940 12,
727 1877 851 1937 sheets
879 1880 938 1940 Icl
956 1880 994 1940 3,
1013 1880 1071 1940 lel
1100 1880 1128 1940 5,
1157 1879 1205 1939 Ifl
1224 1876 1262 1936 5,
1281 1876 1349 1936 Igl
1368 1876 1405 1936 1,
1426 1873 1473 1933 lil
1492 1872 1530 1932 4.

501 1958 573 2018 200
600 1956 619 2016 x
655 1952 864 2012 210mm.
900 1948 1163 2008 Imperfect,
1181 1944 1371 2004 wanting
1399 1944 1535 2004 leaves
1562 1944 1607 2004 14
1644 1944 1689 2004 (b
1734 1940 1807 2000 6),
1816 1941 1898 2001 83,

443 2024 521 2084 and
550 2020 599 2080 84
630 2016 766 2076 (sheet
797 2020 845 2080 sil
875 2018 943 2078 5),
963 2012 1032 2072 the
1061 2011 1180 2071 place
1209 2008 1258 2068 of
1277 2008 1345 2068 the
1376 2008 1464 2068 two
1493 2004 1582 2064 last
1602 2004 1730 2064 being
1759 2004 1876 2064 taken

449 2087 497 2147 by
535 2084 554 2144 a
583 2083 708 2143 sheet
727 2080 774 2140 of
803 2076 1101 2136 manuscript.
1138 2072 1244 2132 The
1272 2072 1482 2132 headings
1512 2068 1578 2128 are
1616 2068 1818 2128 supplied
1856 2068 1884 2128 in

449 2150 512 2210 red
558 2144 851 2204 manuscript,
879 2140 942 2200 the
979 2140 1171 2200 wording
1207 2136 1336 2196 being
1372 2136 1463 2196 that
1501 2132 1546 2192 of
1574 2131 1637 2191 the
1674 2128 1884 2188 headings

448 2216 493 2276 as
511 2211 674 2271 printed
701 2208 728 2268 in
765 2208 828 2268 the
855 2204 1091 2264 preceding
1118 2200 1254 2260 copy;
1272 2200 1335 2260 the
1362 2199 1480 2259 same
1507 2196 1607 2256 hand
1643 2192 1779 2252 seems
1806 2196 1878 2256 also

452 2276 484 2336 to
517 2272 623 2332 have
656 2269 827 2329 written
868 2268 933 2328 the
973 2266 1064 2326 text
1096 2264 1235 2324 taking
1276 2264 1340 2324 the
1382 2260 1496 2320 place
1537 2260 1586 2320 of
1610 2258 1741 2318 sheet
1766 2264 1806 2324 1
1847 2264 1895 2324 5.

453 2340 570 2400 Fully
607 2332 887 2392 rubricated;
914 2332 1006 2392 each
1051 2328 1287 2388 type-page
1323 2324 1532 2384 enclosed
1568 2324 1605 2384 in
1650 2320 1713 2380 red
1759 2320 1894 2380 rules.

453 2404 510 2464 On
551 2401 592 2461 12
617 2400 641 2460 is
674 2400 870 2460 written:
896 2396 1093 2456 Collegij
1109 2392 1347 2452 Societatis
1372 2388 1461 2448 Jesu
1503 2388 1781 2448 Ratisponæe.

510 2484 619 2544 King
649 2480 828 2540 George
848 2476 968 2536 III's
987 2479 1097 2539 copy
1127 2476 1207 2536 (C.
1227 2474 1276 2534 1.
1296 2472 1336 2532 c.
1356 2475 1455 2535 12).
1574 2469 1664 2529 IB.
1694 2468 1823 2528 39015
1853 2468 1904 2528 b.

458 2716 775 2776 CICERO,
829 2712 1079 2772 MARCUS
1135 2708 1441 2768 TULLIUS.
1506 2700 1887 2760 Quaestiones

1585 2780 1891 2840 Undated.

526 2796 918 2856 Tusculanae.

515 2877 571 2937 12.
595 2876 789 2936 M.T.C.
805 2876 950 2936 oraton
983 2873 1176 2933 Homeri
1193 2872 1402 2932 prologus
1427 2868 1459 2928 in
1499 2864 1830 2924 Tusculanarum

456 2943 730 3003 quaestionum
770 2940 818 3000 (in
857 2940 1014 3000 quibus
1043 2936 1082 2996 de
1113 2936 1308 2996 maximis
1337 2932 1651 2992 quaestionibus
1680 2931 1750 2991 co¬
1769 2924 1886 2984 piose

490 3008 691 3068 ornateque
711 3004 832 3064 dicit)
852 3004 992 3064 librum
1042 3000 1173 3060 pmum
1223 2996 1424 3056 foeliciter
1444 2995 1625 3055 incipit;
1685 2992 1865 3052 TOIVom

453 3068 739 3128 defensionum
805 3068 1026 3128 laboribus
1067 3060 1354 3120 senatoriisque
1428 3056 1805 3116 muneribus.
1838 3056 1855 3116 .
1887 3056 1903 3116 .

458 3132 549 3192 852,
567 3131 861 3191 COLOPHON:
888 3129 970 3189 .M.
988 3128 1053 3188 T.
1081 3124 1301 3184 Ciceronis
1328 3120 1603 3180 Tusculanan
1649 3116 1905 3176 quaestionum

461 3196 593 3256 Liber
672 3195 874 3255 Quintus
910 3192 953 3252 &
980 3191 1164 3251 ultimus
1200 3188 1314 3248 finem
1376 3186 1508 3246 habet
1534 3184 1764 3244 fœelicem;
1799 3180 1905 3240 856.

461 3260 670 3320 Erhardus
702 3256 1008 3316 Ciceronianae
1024 3252 1226 3312 lectionis
1250 3249 1539 3309 amatoribus.
1564 3248 1724 3308 S.P.D.
1757 3244 1901 3304 Ibid.,

458 3324 494 3384 1.
522 3322 594 3382 16:
623 3321 759 3381 Totus
796 3320 861 3380 hic
906 3320 1182 3380 Tusculanar
1218 3314 1465 3374 quæstionu
1501 3312 1612 3372 liber

454 3385 761 3445 uoluminibus
789 3384 1024 3444 distinctus
1051 3380 1151 3440 est;
1214 3385 1241 3445 .
1260 3381 1278 3441 .
1305 3381 1323 3441 .
1359 3376 1504 3436 Ibid.,
1531 3376 1567 3436 l.
1586 3374 1667 3434 23:
1694 3371 1893 3431 Volumis

1277 3440 1371 3500 872.
1401 3440 1618 3500 Quicquid
1665 3436 1897 3496 Socraticæe

466 3451 551 3511 pmi
574 3448 683 3508 sunt
713 3448 945 3508 Capitula.
968 3448 1061 3508 v.

454 3512 653 3572 manauit
679 3512 722 3572 ab
757 3512 904 3572 ordine
939 3508 1087 3568 sectæe.
1156 3516 1181 3576 .
1207 3512 1225 3572 .
1242 3512 1259 3572 .
1329 3504 1433 3564 Vale
1467 3503 1623 3563 Lector
1649 3500 1883 3560 Studiose;

508 3584 638 3644 Folio.
683 3585 813 3645 Ja-h1°
851 3583 916 3643 j8.]
959 3581 1003 3641 88
1040 3580 1194 3640 leaves,
1223 3580 1281 3640 the
1317 3580 1398 3640 last
1427 3576 1566 3636 blank.
1609 3574 1674 3634 22:
1703 3572 1748 3632 31
1784 3572 1900 3632 lines,

470 3639 565 3699 177X
596 3637 739 3697 111-12
770 3636 874 3696 mm.
905 3636 1047 3696 Type:
1071 3636 1142 3696 115
1181 3632 1229 3692 R.
1268 3632 1426 3692 Capital
1450 3628 1608 3688 spaces,
1640 3624 1719 3684 that
1751 3624 1790 3684 on
1837 3624 1877 3684 13

465 3689 543 3749 with
565 3688 845 3748 guide-letter,
859 3688 931 3748 also
953 3688 1089 3748 spaces
1103 3684 1160 3744 for
1183 3684 1333 3744 Greek.
1355 3680 1656 3740 Line-endings
1670 3676 1899 3736 sometimes

455 3744 669 3804 irregular.
694 3744 797 3804 Hain
831 3744 925 3804 5311
951 3740 1037 3800 bis.
1062 3737 1387 3797 Gesamtkatalog
1421 3732 1541 3792 6889.
1576 3728 1738 3788 Claudin
1764 3728 1840 3788 xii.

515 3812 553 3872 It
569 3811 733 3871 appears
757 3812 842 3872 from
890 3812 959 3872 one
990 3808 1030 3868 of
1053 3808 1115 3868 the
1140 3805 1311 3865 distichs
1334 3804 1373 3864 of
1397 3800 1600 3860 Erhardus
1623 3796 1881 3856 [Windsberg

458 3864 503 3924 on
540 3859 636 3919 85b:

572 3933 672 3993 Quem
722 3932 805 3992 li.e.
830 3928 1089 3988 Ciceronem)
1105 3928 1147 3988 si
1164 3924 1364 3984 cephaleis
1390 3922 1614 3982 vulgaribus
1639 3920 1831 3980 annotaui

621 3984 693 4044 His
717 3984 860 4044 libris.
900 3980 1035 4040 ueniam
1082 3980 1210 4040 lector
1234 3976 1417 4036 humanae
1449 3972 1537 4032 ssic)
1553 3972 1664 4032 dabis

467 4052 546 4112 that
577 4051 617 4111 he
657 4050 736 4110 was
767 4051 1013 4111 responsible
1052 4047 1116 4107 for
1148 4044 1211 4104 the
1242 4040 1646 4100 chapter-headings,
1677 4039 1796 4099 which
1836 4036 1899 4096 are

467 4104 673 4164 unusually
704 4101 927 4161 elaborate.
966 4100 1054 4160 The
1093 4096 1299 4156 archetype
1339 4096 1378 4156 of
1410 4094 1489 4154 this
1521 4092 1664 4152 edition
1703 4088 1783 4148 was
1814 4087 1909 4147 pre¬

462 4156 639 4216 sumably
669 4156 743 4216 that
765 4156 802 4216 of
824 4152 1069 4212 Sweynheym
1114 4150 1181 4210 and
1210 4148 1418 4208 Pannartz,
1433 4144 1581 4204 Rome,
1604 4144 1715 4204 1471,
1730 4140 1892 4200 referred

465 4204 493 4264 to
521 4204 641 4264 under
662 4208 733 4268 IB.
747 4208 868 4268 39015
896 4204 1037 4264 above,
1051 4204 1122 4264 but
1143 4204 1157 4264 a
1179 4204 1271 4264 good
1299 4200 1412 4260 many
1440 4198 1610 4258 changes
1624 4196 1709 4256 seem
1751 4192 1786 4252 to
1808 4192 1900 4252 have

463 4258 552 4318 been
583 4260 698 4320 made
723 4260 755 4320 in
787 4260 850 4320 the
876 4258 977 4318 text.

520 4324 597 4384 The
629 4327 699 4387 last
715 4324 848 4384 words
864 4324 910 4384 on
934 4326 1027 4386 51b,
1052 4324 1317 4384 Auditor...
1333 4320 1536 4380 quidem’,
1544 4316 1607 4376 are
1630 4313 1669 4373 an
1692 4312 1903 4372 erroneous

463 4380 713 4440 anticipation
744 4380 783 4440 of
806 4380 869 4440 the
892 4377 979 4437 first
994 4376 1127 4436 words
1150 4376 1190 4436 of
1206 4373 1291 4433 text
1306 4372 1346 4432 of
1369 4372 1463 4432 book
1494 4371 1518 4431 iv
1549 4368 1588 4428 on
1619 4368 1681 4428 the
1706 4364 1901 4424 following

466 4432 586 4492 page.

523 4499 656 4559 Errors
689 4500 896 4560 Varroque
930 4500 996 4560 and
1037 4495 1245 4555 Marroni'
1262 4492 1287 4552 in
1320 4492 1353 4552 v.
1370 4492 1387 4552 5
1411 4492 1453 4552 on
1477 4488 1544 4548 85b
1569 4488 1635 4548 and
1669 4484 1802 4544 tamen
1827 4484 1893 4544 aut

466 4548 496 4608 in
526 4552 564 4612 v.
586 4552 616 4612 13
646 4551 685 4611 on
715 4548 782 4608 874
805 4552 896 4612 have
918 4548 1144 4608 apparently
1174 4546 1264 4606 been
1295 4544 1490 4604 corrected
1521 4540 1559 4600 by
1589 4540 1740 4600 erasure
1762 4540 1905 4600 and/or

462 4604 729 4664 pen-and-ink
761 4604 791 4664 in
823 4600 928 4660 most
953 4600 1102 4660 copies.

517 4672 575 4732 As
600 4668 677 4728 this
694 4668 794 4728 book
819 4669 954 4729 shows
980 4668 1021 4728 no
1048 4668 1156 4728 signs
1182 4668 1225 4728 of
1241 4665 1384 4725 having
1410 4663 1502 4723 been
1536 4660 1679 4720 revised
1713 4660 1756 4720 by
1789 4656 1906 4716 Lapi¬

466 4723 593 4783 danus
624 4724 691 4784 and
729 4724 759 4784 is
790 4720 865 4780 not
887 4720 1122 4780 mentioned
1159 4717 1189 4777 in
1227 4716 1439 4776 Fichetus'
1461 4714 1574 4774 letter
1605 4708 1635 4768 to
1672 4708 1906 4768 Lapidanus

467 4776 638 4836 prefixed
672 4773 707 4833 to
733 4775 802 4835 the
827 4772 887 4832 De
913 4772 1076 4832 officiis,
1093 4772 1170 4832 etc.
1187 4768 1281 4828 (IB.
1298 4768 1461 4828 39015),
1487 4764 1513 4824 it
1530 4764 1564 4824 is
1590 4764 1633 4824 no
1667 4760 1795 4820 doubt
1813 4759 1915 4819 later

466 4824 556 4884 than
586 4828 647 4888 the
669 4826 933 4886 last-named.
970 4824 1054 4884 The
1084 4824 1166 4884 type
1197 4820 1325 4880 seems
1347 4820 1378 4880 to
1408 4820 1453 4880 be
1476 4816 1506 4876 in
1536 4816 1687 4876 exactly
1709 4812 1778 4872 the
1800 4812 1905 4872 same

469 4876 566 4936 state
588 4880 618 4940 in
648 4880 738 4940 both
775 4880 917 4940 books.

2001 617 2092 677 Two
2124 620 2236 680 other
2256 619 2387 679 copies
2406 616 2452 676 of
2465 616 2544 676 this
2564 612 2662 672 book
2688 612 2715 672 in
2747 612 2806 672 the
2832 608 3002 668 Museum
3049 608 3252 668 collection
3278 608 3389 668 agree

1938 673 1967 733 in
2004 672 2172 732 wanting
2201 671 2332 731 sheets
2355 671 2421 731 [dl
2442 668 2457 728 2
2486 668 2552 728 and
2589 668 2633 728 Ifl
2655 670 2749 730 3-5,
2772 664 2881 724 while
2910 660 2976 720 one
3006 660 3050 720 of
3064 660 3130 720 the
3159 657 3225 717 two
3255 657 3386 717 copies

1946 727 1973 787 in
2006 724 2066 784 the
2093 724 2374 784 Bibliothèque
2401 719 2607 779 Nationale
2634 716 2708 776 also
2741 716 2861 776 wants
2888 712 2954 772 two
2982 712 3109 772 leaves
3135 712 3162 772 in
3195 712 3302 772 quire
3335 712 3395 772 If.

1946 780 1983 840 It
2006 776 2135 836 would
2165 776 2293 836 seem,
2316 772 2536 832 therefore,
2558 769 2641 829 that
2664 771 2725 831 the
2755 768 2861 828 stock
2892 764 2937 824 of
2959 764 3035 824 this
3058 764 3156 824 book
3186 764 3383 824 sustained

1944 832 2051 892 some
2074 832 2240 892 damage
2269 828 2414 888 shortly
2443 824 2544 884 after
2566 824 2594 884 it
2616 824 2696 884 was
2725 820 2942 880 completed
2978 816 3022 876 by
3050 816 3116 876 the
3137 816 3332 876 printers.

2005 912 2086 972 285
2110 912 2127 972 x
2160 912 2233 972 207
2258 908 2372 968 mm.
2405 904 2609 964 Without
2634 904 2699 964 the
2723 900 2879 960 blank.
2903 899 3205 959 Rubricated.
3230 896 3385 956 Bound

1947 976 2039 1036 with
2089 976 2174 1036 IB.
2199 976 2334 1036 39015
2367 976 2384 1036 a
2418 972 2502 1032 (the
2544 972 2653 1032 same
2696 968 2906 1028 printers'
2931 964 3099 1024 edition
3141 960 3183 1020 of
3216 960 3284 1020 the
3326 960 3384 1020 De

1950 1040 2127 1100 officiis,
2149 1040 2274 1100 etc.).

3131 1110 3218 1170 IB.
3242 1112 3409 1172 39020.

2012 1124 2231 1184 Grenville
2264 1124 2369 1184 copy
2402 1125 2491 1185 (G.
2508 1128 2613 1188 9364
2646 1128 2751 1188 (2)).

1947 1360 2409 1420 RODERICUS
2468 1356 2765 1416 [SANCIUS
2835 1344 3404 1404 ZAMORENSIS.

2029 1444 2312 1504 Speculum
2381 1436 2518 1496 vitae
2562 1435 2870 1495 humanae.

2539 1509 2700 1569 *Not
2719 1516 2861 1576 after
2898 1513 2955 1573 22
2993 1512 3183 1572 April,
3211 1512 3381 1572 1472.

2013 1616 2073 1676 12.
2107 1616 2167 1676 Ad
2218 1612 2492 1672 sanctissimu
2552 1607 2595 1667 &
2621 1604 2877 1664 beatissimu
2929 1600 3391 1660 dominudominu

1955 1679 2087 1739 Paulu
2171 1676 2380 1736 Secundu
2426 1672 2634 1732 Pontifice
2672 1668 2899 1728 Maximu.
2936 1664 3049 1724 liber
3077 1661 3237 1721 incipit
3256 1660 3398 1720 dictus

1967 1744 2063 1804 Spe¬
2092 1741 2218 1801 culum
2267 1738 2480 1798 humanae
2499 1736 2606 1796 uitae
2625 1733 2751 1793 (Quia
2780 1732 2809 1792 in
2847 1732 2886 1792 eo
2925 1728 3071 1788 cuncti
3090 1724 3293 1784 mortales
3322 1724 3350 1784 in

1957 1806 2120 1866 quouis
2166 1804 2338 1864 fuerint
2375 1800 2484 1860 statu
2548 1800 2619 1860 uel
2656 1796 2792 1856 officio
2837 1792 3065 1852 spirituali
3092 1788 3174 1848 aut
3201 1788 3336 1848 tpali.

1953 1868 2253 1928 speculabunt
2294 1864 2386 1924 eius
2419 1864 2519 1924 artis
2561 1860 2602 1920 &
2627 1860 2727 1920 uitae
2761 1857 2969 1917 prospera
3002 1854 3043 1914 &
3059 1852 3269 1912 aduersa.
3318 1852 3359 1912 ac

1961 1933 2069 1993 recte
2095 1932 2256 1992 uiuendi
2275 1928 2569 1988 documenta)
2588 1924 2731 1984 editus
2758 1923 2776 1983 a
2812 1920 3027 1980 Rodorico
3054 1916 3304 1976 zamorensi
3367 1916 3412 1976 &

1961 1996 2109 2056 postea
2140 1994 2435 2054 Calagaritano
2468 1988 2701 2048 hispano/
2722 1984 2880 2044 eiusdem
2901 1980 3133 2040 sanctitatis
3165 1980 3197 2040 in
3260 1976 3397 2036 castro

1949 2060 2023 2120 suo
2061 2060 2211 2120 Sancti
2229 2056 2398 2116 Angeli
2417 2056 2678 2116 castellano;
2763 2047 3090 2107 SJAnctissimo
3118 2044 3164 2104 ac
3184 2040 3409 2100 clemêtis¬

1958 2124 2061 2184 simo
2097 2124 2135 2184 in
2163 2124 2321 2184 christo
2359 2120 2498 2180 pastri
2518 2120 2601 2180 ...
2639 2120 2769 2180 1376,
2797 2110 3086 2170 COLOPHON:

2074 2204 2232 2264 Edidit
2258 2202 2332 2262 hoc
2356 2200 2523 2260 linguae
2548 2196 2782 2256 clarissima
2815 2192 2964 2252 norma
2998 2190 3164 2250 latinae.

2142 2265 2311 2325 Excelsi
2335 2264 2504 2324 ingenii
2519 2260 2589 2320 uir
2612 2259 2867 2319 Rodoricus
2890 2256 3020 2316 opus.

2085 2332 2173 2392 Qui
2191 2331 2340 2391 norma
2376 2325 2562 2385 angelica
2597 2322 2659 2382 est
2685 2320 2826 2380 custos
2853 2320 2968 2380 bene
2994 2318 3108 2378 fidus
3134 2316 3162 2376 in
3197 2316 3320 2376 arce.

2136 2393 2220 2453 Sub
2257 2392 2379 2452 Pauli
2401 2392 2554 2452 ueneti
2577 2388 2752 2448 nomine
2782 2384 3032 2444 pontificis.

2083 2460 2222 2520 Claret
2255 2456 2280 2516 in
2321 2456 2469 2516 Italici
2493 2452 2773 2512 Zamorensis
2798 2448 3036 2508 episcopus
3061 2444 3175 2504 ausis

2135 2524 2330 2584 Eloquii.
2378 2520 2409 2580 it
2432 2516 2620 2576 superos
2644 2516 2777 2576 gloria
2808 2512 2926 2572 parta
2957 2512 3066 2572 uiri;

1976 2608 2087 2668 1382.
2107 2608 2268 2668 Incipit
2288 2604 2571 2664 Repertorium
2620 2600 2711 2660 siue
2731 2596 2903 2656 Tabula
2923 2596 2994 2656 per
3014 2593 3276 2653 alphabetum

1965 2672 2087 2732 1412.
2113 2668 2408 2728 COLOPHON:
2434 2668 2556 2728 Finis
2590 2664 2704 2724 fœlix
2739 2664 2834 2724 atque
2851 2660 3034 2720 optatus
3069 2656 3182 2716 illius
3217 2652 3356 2712 breuis

1958 2736 2123 2796 tabulae
2150 2736 2233 2796 siue
2260 2732 2499 2792 repertorii
2518 2728 2590 2788 per
2610 2728 2857 2788 alphabetum
2940 2724 2976 2784 in
3003 2720 3233 2780 presentem
3280 2716 3389 2776 libr.

1960 2800 2167 2860 speculum
2223 2796 2431 2856 humanae
2497 2793 2610 2853 uitae
2638 2788 2978 2848 nuncupatum;
2997 2784 3167 2844 —FIRST
3204 2780 3411 2840 DEDICA¬

1970 2860 2105 2920 TION:
2134 2860 2368 2920 Magnifico
2406 2856 2542 2916 militi
2572 2855 2746 2915 domino
2785 2848 2980 2908 Roberto
3018 2845 3067 2905 de
3106 2844 3358 2904 Estoteuille

1960 2926 2185 2986 preposito
2224 2920 2460 2980 Parisiensi
2547 2916 2587 2976 et
2626 2916 2988 2976 christianissimi
3017 2908 3193 2968 francon
3233 2905 3350 2965 regis

1975 2988 2309 3048 Cambellario/
2337 2982 2626 3042 impressores
2654 2978 2915 3038 Parisienses
2942 2974 3109 3034 seipsos
3146 2972 3277 3032 perpe
3333 2968 3398 3028 tuo

1959 3052 2207 3112 seruituros
2226 3048 2455 3108 humiliter
2485 3042 2942 3102 offerunt;—SECOND
2982 3036 3310 3096 DEDICATION:
3330 3030 3408 3090 In¬

1968 3116 2203 3176 uictissimo
2239 3112 2393 3172 pncipi
2420 3112 2619 3172 Iohanni
2637 3104 2880 3164 bourbonii
2898 3104 2989 3164 atque
3007 3100 3197 3160 aluernie
3224 3096 3349 3156 duci.

1975 3180 2121 3240 comiti
2158 3176 2480 3236 claromontési
2581 3172 2755 3232 forensi
2792 3168 3003 3228 insulaeqe
3031 3164 3251 3224 lordane.
3316 3160 3398 3220 dno

1970 3244 2104 3304 belliio
2142 3241 2230 3301 sci.
2278 3240 2375 3300 pari
2404 3239 2500 3299 atque
2528 3236 2760 3296 camerario
2799 3228 3001 3288 franciae.
3060 3224 3194 3284 libron
3253 3221 3416 3281 Parisii

1967 3306 2251 3366 impressores
2319 3300 2515 3360 germani
2534 3300 2623 3360 sese
2652 3296 2808 3356 ppetuo
2839 3292 3083 3352 seruituros
3102 3287 3406 3347 liberalissime

1969 3372 2208 3432 offerunt;—
2247 3368 2399 3428 THIRD
2437 3362 2762 3422 DEDICATION:
2790 3356 3124 3416 (PIRincipibus
3154 3352 3278 3412 posse
3316 3351 3411 3411 pla¬

1967 3436 2059 3496 cere
2120 3435 2203 3495 non
2233 3430 2377 3490 ultima
2408 3428 2510 3488 uiris
2530 3428 2571 3488 es
2603 3425 2644 3485 se
2664 3424 2819 3484 laudem
2859 3422 2941 3482 ...
2972 3416 3126 3476 Verso,
3146 3416 3177 3476 l.
3197 3416 3270 3476 18,
3280 3412 3413 3472 END:

1970 3502 2050 3562 ...
2070 3499 2161 3559 Tua
2191 3496 2221 3556 in
2282 3492 2463 3552 Lutetia
2483 3490 2503 3550 x
2532 3488 2604 3548 kal
2623 3488 2734 3548 maii
2744 3485 2865 3545 Anni
2885 3480 3407 3540 millesimiquadringen¬

1976 3560 2116 3620 tesimi
2136 3558 2326 3618 secundi
2387 3552 2868 3612 supraseptuagesimum
2888 3544 3088 3604 manibus
3118 3540 3198 3600 tibi
3229 3540 3408 3600 deditis¬

1966 3624 2107 3684 simon
2150 3620 2345 3680 Martini
2388 3617 2503 3677 Vdal
2520 3616 2609 3676 rici
2635 3614 2732 3674 atque
2767 3609 3005 3669 Michaelis
3041 3604 3349 3664 impressum;

1974 3684 2346 3744 Christianissimo
2376 3680 2547 3740 francor
2586 3680 2677 3740 regi
2697 3676 2788 3736 diuo
2828 3671 3049 3731 Ludouico
3079 3668 3230 3728 quarto
3301 3667 3410 3727 Ger¬

1970 3752 2087 3812 mani
2107 3748 2245 3808 libron
2274 3744 2558 3804 impressores
2578 3740 2833 3800 Parisienses
2862 3738 3068 3798 perpetuo
3116 3730 3166 3790 se
3186 3728 3411 3788 deuouent

1963 3813 2245 3873 seruituros;

2026 3892 2157 3952 Folio.
2191 3887 2313 3947 Ja-elo
2330 3887 2347 3947 f
2365 3888 2408 3948 g8
2425 3884 2512 3944 h1o;
2529 3883 2634 3943 j-010
2651 3882 2713 3942 p6.
2764 3884 2833 3944 142
2860 3880 3008 3940 leaves,
3025 3878 3059 3938 76
3094 3876 3155 3936 and
3190 3876 3259 3936 142
3276 3872 3415 3932 blank,

1977 3946 2154 4006 together
2182 3943 2266 4003 with
2304 3940 2416 4000 three
2453 3937 2676 3997 additional
2696 3932 2827 3992 leaves
2854 3932 3014 3992 bearing
3050 3927 3322 3987 dedications.
3359 3924 3425 3984 24:

1978 4000 2016 4060 32
2054 3996 2169 4056 lines,
2208 3993 2312 4053 184X
2342 3990 2485 4050 109-10
2532 3988 2638 4048 mm.
2676 3984 2820 4044 Type:
2858 3985 2924 4045 115
2973 3983 3030 4043 R.
3069 3980 3231 4040 Capital
3259 3976 3423 4036 spaces.

1974 4048 2266 4108 Line-endings
2289 4044 2393 4104 often
2423 4044 2633 4104 irregular.
2670 4038 2835 4098 Claudin
2864 4036 2954 4096 xiii.

2029 4116 2064 4176 In
2099 4116 2160 4176 the
2186 4115 2275 4175 first
2292 4112 2512 4172 dedication
2538 4108 2741 4168 described
2776 4104 2899 4164 above
2925 4100 2969 4160 (to
3004 4100 3162 4160 Robert
3180 4096 3408 4156 d'Estoute¬

1972 4172 2079 4232 ville)
2104 4168 2163 4228 the
2187 4166 2404 4226 type-page
2421 4164 2454 4224 is
2478 4164 2544 4224 105
2570 4160 2669 4220 mm.
2686 4157 2786 4217 wide
2811 4156 2878 4216 and
2911 4156 2968 4216 the
2994 4152 3160 4212 heading
3193 4148 3351 4208 appears
3376 4150 3409 4210 to

1967 4221 2072 4281 have
2101 4220 2188 4280 been
2227 4216 2439 4276 separately
2468 4214 2603 4274 struck
2632 4212 2710 4272 off.
2739 4211 2787 4271 In
2815 4206 2884 4266 the
2913 4204 3028 4264 other
3058 4204 3125 4264 two
3163 4200 3414 4260 dedications

1977 4272 2108 4332 (which
2144 4270 2196 4330 are
2223 4268 2258 4328 to
2285 4268 2381 4328 John
2407 4268 2469 4328 II,
2487 4264 2601 4324 Duke
2628 4263 2663 4323 of
2689 4260 2900 4320 Bourbon,
2917 4258 2979 4318 and
3014 4256 3049 4316 to
3076 4253 3181 4313 King
3208 4252 3331 4312 Louis
3349 4252 3410 4312 XI

1973 4324 2251 4384 respectively)
2276 4320 2336 4380 the
2361 4320 2581 4380 type-page
2606 4316 2639 4376 is
2664 4314 2791 4374 about
2817 4309 2884 4369 118
2917 4308 3027 4368 mm.
3044 4308 3170 4368 wide.
3205 4308 3272 4368 No
3297 4304 3415 4364 other

1976 4378 2065 4438 copy
2098 4376 2139 4436 of
2155 4376 2220 4436 the
2246 4372 2351 4432 three
2385 4369 2630 4429 dedications
2654 4368 2688 4428 is
2704 4364 2843 4424 known
2875 4364 2908 4424 to
2941 4360 3055 4420 exist.

2032 4444 2069 4504 In
2097 4441 2201 4501 their
2221 4440 2439 4500 dedication
2476 4436 2504 4496 to
2533 4434 2845 4494 D'Estouteville
2874 4432 2940 4492 the
2959 4428 3130 4488 printers
3158 4428 3338 4488 remark:
3356 4424 3422 4484 Est

1977 4496 2058 4556 enim
2103 4496 2311 4556 Humanae
2338 4492 2527 4552 speculum
2572 4488 2690 4548 vitae.
2726 4484 2780 4544 his
2808 4482 2880 4542 fere
2907 4480 3051 4540 diebus
3078 4480 3087 4540 a
3114 4480 3159 4540 ..
3177 4479 3195 4539 .
3213 4476 3402 4536 Rodorico

1977 4548 2215 4608 Zamorensi
2241 4544 2427 4604 episcopo
2470 4540 2621 4600 Romae
2656 4536 2841 4596 conditum
2904 4532 3133 4592 editumque
3177 4528 3425 4588 nuperrime.

1986 4600 2086 4660 Quod
2113 4600 2196 4660 ...
2215 4596 2316 4656 nunc
2334 4593 2527 4653 omnibus
2545 4589 2701 4649 Parisiis
2728 4584 3196 4644 quamemendatissimum
3251 4580 3416 4640 impres¬

1977 4652 2116 4712 simus.
2150 4648 2237 4708 The
2263 4648 2472 4708 archetype
2498 4644 2541 4704 of
2558 4643 2637 4703 this
2654 4640 2802 4700 edition
2829 4636 2863 4696 is
2880 4636 2976 4696 thus
2993 4636 3245 4696 presumably
3280 4631 3358 4691 that
3376 4630 3419 4690 of

1974 4700 2224 4760 Sweynheym
2272 4700 2340 4760 and
2379 4696 2601 4756 Pannartz,
2620 4692 2764 4752 Rome,
2794 4690 2890 4750 1468
2919 4688 3016 4748 (IB.
3035 4687 3198 4747 17105),
3228 4684 3296 4744 but
3324 4684 3353 4744 it
3382 4681 3411 4741 is

1971 4755 2089 4815 worth
2126 4752 2253 4812 noting
2282 4752 2363 4812 that
2386 4748 2475 4808 that
2490 4748 2534 4808 of
2556 4748 2609 4808 G.
2631 4744 2786 4804 Zainer,
2809 4740 3039 4800 Augsburg,
3061 4740 3157 4800 1471
3179 4736 3261 4796 (IB.
3283 4736 3416 4796 5419),

1980 4808 2040 4868 has
2065 4804 2125 4864 the
2150 4804 2253 4864 same
2279 4800 2458 4860 wording
2483 4804 2526 4864 of
2543 4800 2603 4860 the
2629 4796 2773 4856 incipit
2790 4796 2825 4856 to
2851 4796 2944 4856 book
2978 4792 2986 4852 i
3003 4792 3072 4852 and
3098 4788 3157 4848 the
3183 4788 3286 4848 same
3311 4784 3413 4844 error

1988 4860 2149 4920 norma'
2170 4860 2198 4920 in
2233 4856 2296 4916 the
2323 4852 2540 4912 colophon.
