4288 6016
887 640 1109 700 cardinals
1137 644 1214 704 and
1255 644 1436 704 bishops
1470 644 1498 704 in
1540 644 1609 704 the
1644 644 1956 704 background,
1977 644 2061 704 this
2095 644 2220 704 being
2255 646 2345 706 sur-

893 706 1093 766 rounded
1132 708 1179 768 by
1219 705 1259 765 an
1299 708 1512 768 elaborate
1552 708 1792 768 decorative
1826 708 1985 768 border
2019 708 2338 768 incorporating

895 768 959 828 the
998 772 1152 832 Pope's
1178 768 1320 828 arms.
1365 772 1552 832 Beneath
1590 768 1623 828 is
1655 768 1816 828 written
1855 772 1887 832 in
1932 772 2035 832 lines
2068 772 2112 832 of
2144 772 2344 832 alternate

890 832 988 892 blue
1023 832 1101 892 and
1136 832 1234 892 red:
1270 835 1573 895 SAnctissimo
1608 836 1728 896 patri
1749 835 1863 895 Sixto
1898 836 2109 896 Quarto/
2130 836 2208 896 po¬
2250 836 2356 896 tifici

896 897 1078 957 maximo
1120 896 1445 956 Guillermus
1472 897 1710 957 fichetus/
1785 900 2003 960 minimus
2036 900 2321 960 theologorum

899 960 1186 1020 Parisiensium
1280 960 1568 1020 doctorum/
1588 960 1748 1020 deuota
1781 964 1922 1024 pedum
1975 964 2156 1024 oscula;
2209 964 2269 1024 On
2309 955 2357 1015 7a

886 1024 899 1084 a
932 1024 1090 1084 capital
1110 1028 1189 1088 and
1222 1024 1433 1084 four-side
1466 1024 1632 1084 border
1658 1024 1723 1084 are
1757 1026 2027 1086 illuminated
2073 1028 2099 1088 in
2139 1028 2231 1088 gold
2265 1028 2343 1088 and

892 1088 1091 1148 colours,
1110 1088 1277 1148 similar
1303 1088 1482 1148 capitals
1507 1088 1604 1148 with
1636 1088 1809 1148 shorter
1835 1088 2021 1148 borders
2047 1092 2169 1152 being
2207 1092 2335 1152 found

897 1153 937 1213 on
977 1156 1044 1216 3b,
1071 1152 1165 1212 112,
1185 1152 1285 1212 692,
1298 1152 1379 1212 and
1419 1153 1546 1213 1222;
1566 1152 1693 1212 other
1720 1152 1927 1212 capitals,
1948 1156 2048 1216 etc.,
2068 1156 2342 1216 illuminated

887 1213 927 1273 in
968 1216 1070 1276 gold
1111 1216 1193 1276 and
1241 1216 1439 1276 colours,
1472 1216 1807 1276 initial-strokes
1847 1220 2045 1280 supplied
2093 1220 2127 1280 in
2175 1220 2353 1280 yellow.

900 1280 1001 1340 Each
1043 1280 1274 1340 type-page
1307 1280 1342 1340 is
1369 1280 1573 1340 enclosed
1607 1280 1641 1340 in
1682 1280 1750 1340 red
1784 1283 1927 1343 rules.
1968 1284 2063 1344 The
2097 1284 2219 1344 blank
2254 1281 2348 1341 first

892 1344 975 1404 leaf
1001 1344 1034 1404 is
1066 1344 1207 1404 pasted
1245 1344 1368 1404 down
1406 1344 1457 1404 on
1496 1344 1561 1404 the
1599 1344 1728 1404 cover
1753 1344 1830 1404 and
1869 1345 1914 1405 an
1952 1347 2203 1407 additional
2229 1348 2351 1408 sheet

896 1408 936 1468 of
957 1408 1094 1468 vellum
1148 1408 1175 1468 is
1203 1408 1386 1468 inserted
1421 1408 1611 1468 between
1646 1408 1713 1468 the
1741 1408 1897 1468 second
1931 1412 2102 1472 (blank)
2122 1412 2198 1472 and
2231 1408 2340 1468 third

886 1472 1053 1532 leaves.
1101 1472 1254 1532 Bound
1294 1472 1328 1532 in
1368 1472 1441 1532 red
1482 1472 1616 1532 satin,
1649 1472 1856 1532 rebacked
1896 1472 1997 1532 with
2037 1472 2104 1532 red
2151 1473 2224 1533 silk
2265 1472 2338 1532 and

887 1534 1193 1594 embroidered
1240 1536 1336 1596 with
1376 1536 1451 1596 the
1486 1536 1601 1596 arms
1635 1536 1689 1596 of
1716 1536 1859 1596 Felice
1900 1536 2105 1596 Perretti,
2138 1536 2349 1596 Cardinal

895 1600 940 1660 di
963 1600 1182 1660 Montalto
1219 1604 1393 1664 (1570),
1416 1600 1665 1660 afterwards
1695 1600 1808 1660 Pope
1846 1600 1997 1660 Sixtus
2027 1600 2050 1660 V
2088 1604 2353 1664 (1585-90).

897 1664 987 1724 Gilt
1017 1664 1174 1724 edges.

959 1744 1066 1804 Rev.
1090 1748 1147 1808 C.
1163 1748 1237 1808 M.
1262 1748 1581 1808 Cracherode's
1614 1748 1745 1808 copy,
1769 1748 1860 1808 with
1900 1748 1991 1808 date
2023 1748 2154 1808 1791.

2073 1812 2161 1872 IA.
2185 1816 2353 1876 39009.

1840 2024 2187 2084 Translated
2274 2024 2339 2084 by

892 2024 1330 2084 PHALARIS.
1420 2025 1737 2085 Epistolae.

972 2108 1310 2168 Franciscus
1385 2108 1697 2168 Aretinus.

1792 2108 2072 2168 Epistolae
2160 2108 2353 2168 Bruti.

1874 2188 2172 2248 Epistolae
2211 2188 2346 2248 Cra-

979 2188 1334 2248 [Translated
1371 2188 1436 2248 by
1482 2188 1799 2248 Rinutius.)

964 2268 1067 2328 tis.
1110 2268 1470 2328 [Translated
1522 2270 1581 2330 by
1625 2268 1968 2328 Athanasius
2010 2268 2346 2328 Constanti¬

2001 2347 2343 2407 *Undated.

963 2348 1372 2408 nopolitanus.

950 2432 1013 2492 12.
1045 2432 1299 2492 Francisci
1354 2433 1568 2493 Aretini.
1631 2432 1877 2492 phalaridis
1924 2432 2336 2492 agrigentiniin

886 2496 1145 2556 epistolas/
1172 2496 1219 2556 ad
1261 2496 1458 2556 illustrem
1519 2496 1744 2556 principem
1805 2496 2037 2556 malatestan
2112 2496 2323 2556 nouellum

888 2560 932 2620 de
975 2560 1240 2620 malatestis.
1298 2560 1539 2620 prohemium
1576 2563 1759 2623 incipit;
1847 2561 2059 2621 VEllem
2126 2560 2344 2620 malatesta

887 2624 1056 2684 nouelle
1092 2624 1297 2684 princeps
1360 2624 1699 2684 illustrissime/
1721 2624 1735 2684 .
1756 2626 1770 2686 .
1791 2628 1805 2688 .
1834 2626 1904 2686 42.
1925 2624 2116 2684 Phalaris
2145 2624 2358 2684 Alcibeo;

894 2690 988 2750 566,
1017 2688 1149 2748 FIRST
1193 2688 1485 2748 COLOPHON:
1514 2688 1741 2748 Epistolay
1784 2688 2033 2748 Phalaridis
2069 2688 2178 2748 fœlix
2223 2688 2353 2748 finis;

898 2745 987 2805 57°.
1024 2751 1246 2811 Raimitii.
1299 2752 1336 2812 in
1387 2752 1618 2812 catalogum
1685 2752 1937 2812 Mitridatis
1982 2752 2034 2812 de
2078 2749 2322 2809 epistolis

887 2813 964 2873 M.
992 2812 1119 2872 bruti
1204 2812 1246 2872 ad
1295 2813 1493 2873 Nicolaum
1521 2816 1683 2876 quintum
1711 2816 1859 2876 ponti¬
1887 2813 2000 2873 ficem
2057 2812 2325 2872 maximum.

887 2876 1081 2936 praefatio
1110 2876 1311 2936 foeliciter
1341 2879 1520 2939 incipit;
1556 2880 1657 2940 58b.
1671 2880 1967 2940 Mitridantis.
2003 2878 2039 2938 in
2068 2879 2357 2939 Catalogum.

894 2940 959 3000 M.
981 2940 1106 3000 bruti
1121 2940 1193 3000 epi
1216 2940 1421 3000 stolar/
1443 2940 1486 3000 ad
1516 2940 1750 3000 Mitridantem
1779 2940 1933 3000 nepotem
1963 2940 2153 3000 phemium
2175 2940 2350 3000 incipit;

911 3002 984 3062 32,
1005 3004 1180 3064 SECOND
1217 3004 1515 3064 COLOPHON:
1538 3004 1771 3064 Catalogus
1800 3004 1916 3064 eplan
1961 3004 2084 3064 bruti
2106 3004 2201 3064 finit
2230 3004 2339 3064 foeli¬

888 3068 1021 3128 citer;
1060 3064 1161 3124 73b.
1185 3068 1466 3128 Epigramma
1497 3068 1528 3128 in
1567 3068 1770 3128 catalogum
1793 3068 1910 3128 eplar
1950 3068 2091 3128 Cratis
2160 3068 2309 3128 cynici

894 3128 1105 3188 Diogenis
1126 3132 1359 3192 discipuli;
1380 3132 1430 3192 74
1493 3132 1726 3192 Atanasius
1747 3132 2311 3192 Constantinopolitanus/

887 3194 1123 3254 archiensis
1158 3196 1339 3256 abbas/
1366 3196 1407 3256 ad
1450 3196 1582 3256 diuum
1637 3196 1824 3256 pncipem
1922 3196 2122 3256 Karolum
2178 3196 2345 3256 Arago¬

887 3256 1038 3316 num/
1059 3258 1403 3318 pmogenitum;
1440 3259 1540 3319 82b,
1562 3260 1706 3320 THIRD
1741 3260 2036 3320 COLOPHON:
2057 3257 2179 3317 Finis
2208 3259 2344 3319 Cyni¬

895 3320 955 3380 car
993 3324 1159 3384 Cratis;
1213 3324 1417 3384 Erhardi
1440 3320 1712 3380 Vuindsberg
1743 3324 1970 3384 Epigramma
2000 3324 2037 3384 ad
2068 3320 2159 3380 ger-
2182 3324 2348 3384 manos

890 3384 1085 3444 librarios
1131 3385 1326 3445 egregios
1357 3388 1646 3448 /michaelem
1748 3388 1989 3448 marstinum
2060 3388 2153 3448 atque
2176 3385 2340 3445 udalri¬

885 3448 1028 3508 cum;

1065 3523 1087 3583 P
1116 3522 1204 3582 lura
1233 3521 1336 3581 licet
1365 3522 1547 3582 summae
1576 3524 1751 3584 dederis
1781 3524 2022 3584 alemannia
2051 3524 2190 3584 laudi.

1127 3588 1202 3648 At
1229 3586 1319 3646 reor
1346 3586 1428 3646 hoc
1456 3588 1600 3648 maius
1627 3586 1662 3646 te
1696 3587 1895 3647 genuisse
1929 3585 2059 3645 nihil.

1066 3648 1088 3708 Q
1156 3650 1282 3710 prope
1320 3648 1477 3708 diuinam
1499 3650 1671 3710 summa
1701 3652 1738 3712 ex
1776 3652 1992 3712 industria
2022 3652 2149 3712 fingis

1125 3715 1146 3775 S
1181 3710 1387 3770 cribendi
1408 3714 1514 3774 hanc
1543 3712 1727 3772 artem/
1748 3716 2053 3776 multiplicans
2081 3713 2253 3773 studia.

1066 3776 1267 3836 Fœlices
1297 3776 1371 3836 igit
1402 3776 1648 3836 Michael/
1663 3776 1917 3836 Martineqe
1932 3776 2111 3836 semper

1131 3838 1334 3898 Viuite/
1365 3836 1405 3896 &
1428 3840 1593 3900 Vlrice.
1632 3840 1711 3900 hoc
1742 3840 1789 3900 quis
1820 3842 1930 3902 opus
1962 3840 2205 3900 imprimit.

1062 3901 1089 3961 E
1122 3904 1314 3964 rhardum
1369 3900 1505 3960 uestro
1546 3904 1587 3964 &
1607 3904 1662 3964 non
1689 3904 1996 3964 dedignemini
2017 3904 2187 3964 amore.

1128 3967 1149 4027 C
1193 3964 1236 4024 ui
1257 3964 1338 4024 fido
1373 3968 1547 4028 semper
1576 3968 1749 4028 pectore
1778 3968 1922 4028 clausi
1944 3968 2088 4028 eritis;

952 4034 1122 4094 Quarto.
1142 4031 1251 4091 Ja-e1
1293 4024 1354 4084 fe;
1367 4025 1429 4085 glo
1449 4028 1463 4088 h
1491 4029 1538 4089 i8.
1585 4035 1627 4095 82
1654 4036 1803 4096 leaves.
1838 4036 1899 4096 22:
1920 4036 1954 4096 23
1981 4036 2097 4096 lines,
2117 4036 2179 4096 132
2206 4032 2226 4092 X
2247 4033 2342 4093 86-8

884 4088 993 4148 mm.
1022 4088 1167 4148 Type:
1185 4088 1254 4148 115
1283 4084 1335 4144 R.
1371 4088 1526 4148 Capital
1544 4088 1701 4148 spaces.
1730 4088 1747 4148 A
1782 4088 1892 4148 space
1921 4088 1961 4148 of
1979 4088 2083 4148 more
2112 4088 2193 4148 than
2228 4088 2303 4148 half
2326 4088 2338 4148 a

889 4142 986 4202 page
1006 4140 1033 4200 is
1052 4140 1117 4200 left
1137 4140 1268 4200 before
1288 4140 1346 4200 the
1373 4140 1621 4200 Epigramma
1641 4141 1680 4201 on
1707 4144 1792 4204 73P.
1811 4140 1903 4200 Hain
1936 4140 2073 4200 12885.
2099 4140 2263 4200 Claudin
2283 4141 2348 4201 xv.

947 4205 1043 4265 This
1069 4204 1165 4264 book
1197 4208 1224 4268 is
1249 4207 1384 4267 placed
1416 4208 1499 4268 here
1532 4208 1718 4268 because,
1737 4208 1802 4268 like
1834 4208 1892 4268 the
1917 4208 2130 4268 preceding
2162 4208 2303 4268 books,
2316 4211 2348 4271 it

889 4260 1065 4320 contains
1088 4260 1167 4320 only
1190 4260 1474 4320 large-bowled
1497 4260 1536 4320 or
1559 4260 1911 4320 medium-bowled
1945 4260 1990 4320 &.
2007 4260 2087 4320 The
2104 4256 2337 4316 semi-colon

889 4312 933 4372 of
949 4312 1005 4372 the
1027 4312 1188 4372 modern
1216 4312 1294 4372 form
1338 4312 1427 4372 used
1455 4312 1482 4372 in
1510 4312 1537 4372 it
1560 4312 1593 4372 as
1615 4312 1677 4372 the
1699 4312 1932 4372 concluding
1960 4312 2037 4372 stop
2065 4312 2104 4372 of
2121 4312 2204 4372 each
2237 4311 2342 4371 para-

891 4364 1009 4424 graph
1045 4364 1070 4424 is
1095 4364 1218 4424 found
1249 4364 1323 4424 also
1354 4364 1385 4424 in
1416 4364 1478 4424 the
1508 4364 1650 4424 Florus
1675 4364 1768 4424 (IA.
1793 4364 1941 4424 39007)
1960 4364 2027 4424 and
2064 4364 2127 4424 the
2157 4364 2342 4424 Fichetus

893 4416 983 4476 (IA.
1004 4416 1171 4476 39009),
1191 4416 1226 4476 as
1247 4416 1344 4476 well
1358 4416 1400 4476 as
1421 4416 1449 4476 in
1490 4419 1726 4479 Barzizius's
1754 4420 2053 4480 Orthographia
2081 4416 2261 4476 (Claudin
2289 4420 2351 4480 ii).

958 4490 1030 4550 204
1054 4492 1078 4552 X
1111 4492 1175 4552 140
1231 4492 1352 4552 mm.
1408 4492 1674 4552 Rubricated
1730 4492 1939 4552 similarly
1987 4492 2020 4552 to
2076 4492 2164 4552 IA.
2197 4492 2333 4552 39007

895 4552 1113 4612 (Florus).
1159 4552 1250 4612 The
1288 4552 1371 4612 last
1394 4552 1492 4612 four
1522 4553 1666 4613 letters
1696 4552 1742 4612 of
1764 4555 1832 4615 the
1870 4552 1984 4612 word
2029 4556 2323 4616 illustrissime

888 4616 923 4676 in
958 4616 1022 4676 the
1050 4616 1205 4676 second
1240 4616 1318 4676 line
1346 4616 1396 4676 of
1417 4616 1509 4676 text
1530 4619 1572 4679 on
1615 4617 1650 4677 1e
1671 4620 1777 4680 have
1805 4619 1912 4679 been
1947 4616 2144 4676 carefully
2172 4620 2349 4680 erased.

894 4680 1003 4740 Each
1032 4678 1273 4738 type-page
1295 4680 1492 4740 enclosed
1528 4680 1557 4740 in
1594 4681 1660 4741 red
1689 4681 1828 4741 rules.
1864 4680 1973 4740 From
2025 4681 2090 4741 the
2119 4680 2272 4740 library
2301 4684 2345 4744 of

896 4744 959 4804 the
999 4744 1110 4804 Rev.
1126 4742 1324 4802 Thomas
1355 4744 1506 4804 Crofts
1529 4744 1633 4804 (sold
1664 4744 1696 4804 in
1727 4744 1862 4804 1783)
1886 4748 1957 4808 and
1997 4748 2203 4808 probably
2234 4748 2337 4808 once

892 4808 1046 4868 bound
1078 4808 1232 4868 before
1264 4808 1345 4868 IA.
1369 4812 1507 4872 39007
1548 4812 1742 4872 (Florus,
1766 4808 1952 4868 above).

954 4884 1068 4944 King
1107 4883 1279 4943 George
1307 4883 1422 4943 IIl's
1450 4884 1555 4944 copy
1584 4884 1660 4944 (C.
1679 4888 1717 4948 2.
1747 4888 1785 4948 a.
1803 4888 1909 4948 26).
2032 4885 2119 4945 IA.
2147 4889 2281 4949 39026
2309 4888 2347 4948 a.

2414 660 2678 720 Another
2715 664 2887 724 copy.

2485 764 2549 824 199
2579 764 2593 824 X
2628 764 2701 824 136
2729 764 2844 824 mm.
2874 764 2996 824 Fully
3024 766 3298 826 rubricated.
3334 765 3493 825 Traces
3521 766 3564 826 of
3586 768 3687 828 early
3723 768 3873 828 manu¬

2417 828 2553 888 script
2582 828 2754 888 quiring
2790 828 2912 888 sa-c)
2933 828 2976 888 at
3005 830 3077 890 the
3112 828 3206 888 foot
3235 831 3285 891 of
3307 832 3458 892 quires
3486 836 3623 896 Ig-il.
3666 832 3859 892 Between

2426 892 2558 952 quires
2601 894 2660 954 sal
2689 892 2769 952 and
2813 892 2879 952 bl
2909 892 2989 952 and
3025 895 3179 955 quires
3215 896 3274 956 sel
3303 892 3383 952 and
3428 896 3464 956 f
3507 896 3545 956 is
3581 896 3595 956 a
3632 896 3756 956 stub,
3786 896 3859 956 and

2418 952 2606 1012 between
2644 956 2787 1016 quires
2817 956 2855 1016 f
2892 956 2976 1016 and
3006 960 3074 1020 gl
3097 960 3112 1020 a
3142 956 3240 1016 leaf,
3263 956 3308 1016 of
3330 959 3429 1019 old,
3451 960 3640 1020 possibly
3670 962 3873 1022 original,

2418 1020 2568 1080 paper.
2608 1020 2673 1080 On
2712 1020 2725 1080 a
2758 1020 2948 1080 fly-leaf,
2974 1020 3066 1080 with
3105 1020 3230 1080 other
3256 1024 3635 1084 bibliographical
3655 1024 3864 1084 informa¬

2417 1084 2529 1144 tion,
2550 1084 2586 1144 is
2614 1084 2677 1144 the
2712 1084 2811 1144 note
2853 1084 2917 1144 Ex
2952 1084 3043 1144 BB.
3065 1084 3360 1144 D'aguesseau
3403 1088 3466 1148 n°.
3494 1094 3600 1154 3473
3635 1088 3860 1148 collationé

2422 1148 2646 1208 complet',
2673 1148 2856 1208 signed:
2877 1148 2998 1208 Perin
3039 1152 3087 1212 de
3128 1148 3318 1208 Sanson.
3359 1152 3528 1212 French
3569 1152 3752 1212 crushed
3793 1153 3854 1213 red

2414 1212 2649 1272 morocco.

2481 1311 2705 1371 Grenville
2737 1316 2840 1376 copy
2873 1316 2953 1376 (G.
2976 1316 3128 1376 8226).

3550 1316 3639 1376 IA.
3655 1316 3792 1376 39026
3823 1319 3872 1379 b.

2417 1608 2742 1668 CICERO,
2771 1608 3019 1668 MARCUS
3048 1612 3344 1672 TULLIUS.
3383 1612 3469 1672 De
3508 1612 3736 1672 officiis.
3776 1612 3861 1672 De

2484 1692 2766 1752 amicitia.
2815 1688 2896 1748 De
2928 1692 3251 1752 senectute.
3300 1692 3574 1752 Somnium
3647 1692 3865 1752 Scipio¬

2487 1772 2605 1832 nis.
2660 1772 2982 1832 Paradoxa.
3046 1772 3266 1832 [Edited
3331 1774 3394 1834 by
3449 1772 3743 1832 Johannes
3798 1776 3853 1836 de

2486 1852 2771 1912 Lapide.]

2901 1855 3032 1915 Not
3062 1853 3253 1913 before
3293 1856 3313 1916 7
3354 1856 3585 1916 March,
3614 1860 3846 1920 1471/2.

2473 1953 2535 2013 12.
2558 1955 2836 2015 Guillermus
2859 1956 3060 2016 fichætus
3090 1956 3345 2016 parisiensis
3368 1956 3607 2016 theologus
3630 1956 3785 2016 doctor

2417 2020 2578 2080 loanni
2614 2020 2819 2080 lapidano
2870 2020 3074 2080 theologo
3125 2020 3344 2080 pfessori.
3381 2020 3556 2080 S.P.D.
3607 2021 3680 2081 22,
3717 2024 3753 2084 l.
3790 2024 3870 2084 21:

2569 2084 2688 2144 Vale.
2717 2084 2814 2144 Apd
2918 2084 3098 2144 Turone
3143 2084 3299 2144 edibus
3337 2084 3530 2144 hospitis
3567 2084 3657 2144 mei
3694 2084 3873 2144 Radulfi

2415 2145 2609 2205 toustani
2636 2146 2743 2206 ciuis
2776 2148 2896 2208 longe
2937 2148 3010 2208 hul
3023 2148 3465 2208 manissimiAnno
3505 2148 3585 2208 uno
3632 2148 3665 2208 &
3692 2148 3866 2208 septua¬

2413 2208 2574 2268 gesimo
2611 2212 3044 2272 quadringentesimoque
3058 2213 3227 2273 su¬pra
3256 2209 3505 2269 Millesimum
3528 2212 3535 2272 /
3550 2212 3696 2272 Nonis
3718 2212 3872 2272 Martii

2417 2272 2621 2332 citissime
2649 2272 2896 2332 scriptum;
2931 2276 3002 2336 9e.
3023 2276 3115 2336 .M.
3136 2276 3277 2336 Tullii
3305 2276 3531 2336 Ciceronis
3594 2276 3821 2336 Arpinatis

2416 2336 2601 2396 consulis
2638 2340 3217 2400 Romanioratorumque
3239 2340 3490 2400 principis/
3512 2338 3590 2398 ad.
3612 2340 3684 2400 M.
3712 2340 3862 2400 Tullium

2417 2400 2632 2460 Ciceronem
2660 2400 2754 2460 filium
2818 2400 3213 2460 suumOfficion
3249 2404 3357 2464 liber
3386 2400 3601 2460 primus/
3623 2401 3658 2461 in
3701 2400 3781 2460 quo
3816 2404 3859 2464 de

2417 2464 2593 2524 honesto
2628 2464 2734 2524 disse
2762 2464 2847 2524 rit.
2896 2464 3101 2524 fœliciter
3136 2466 3312 2526 incipit.
3383 2464 3623 2524 Tractatus
3658 2464 3849 2524 primus.

2416 2528 2685 2588 praemittens
2715 2528 2955 2588 prohemium
2977 2528 3000 2588 in
3036 2528 3108 2588 hoc
3137 2528 3254 2588 totum
3335 2528 3510 2588 officion
3546 2529 3678 2589 opus.
3730 2532 3860 2592 Capi¬

2412 2590 2509 2650 tulum
2544 2592 2717 2652 primum.
2765 2592 2849 2652 cur
2890 2592 3036 2652 Cicero
3084 2592 3126 2652 ad
3167 2592 3264 2652 filium
3292 2592 3493 2652 scribens
3569 2592 3618 2652 ab
3659 2592 3811 2652 officiis

2411 2656 2579 2716 ordiat.
2636 2656 2684 2716 &
2708 2656 2821 2716 quos
2861 2656 2893 2716 in
2941 2656 3005 2716 illa
3046 2656 3078 2716 re
3118 2656 3358 2716 potissimum
3382 2656 3543 2716 sequat
3575 2656 3808 2716 auctores;

2435 2720 2642 2780 QVanquam
2650 2720 2673 2780 te
2704 2720 2850 2780 Marce
2873 2720 2934 2780 fili
2950 2720 3065 2780 annum
3088 2720 3142 2780 iam
3188 2720 3411 2780 audientem
3489 2721 3727 2781 Cratippum

2419 2784 2537 2844 1262,
2565 2784 2592 2844 l.
2620 2787 2696 2847 30,
2724 2784 2856 2844 END:
2876 2784 2918 2844 ac
2946 2784 3126 2844 diuites.
3168 2784 3237 2844 sed
3272 2784 3362 2844 etiam
3383 2785 3418 2845 in
3452 2784 3556 2844 opes
3591 2784 3625 2844 &
3653 2784 3861 2844 pauperes

2418 2844 2621 2904 estimandi
2644 2846 2749 2906 sut;
2780 2848 2892 2908 Finis
2976 2848 3314 2908 (COLOPHON:)
3345 2851 3428 2911 .M.
3458 2848 3601 2908 Tullii
3631 2848 3858 2908 Ciceronis

2419 2912 2626 2972 paradoxa
2661 2912 2861 2972 foeliciter
2890 2912 3082 2972 finiunt;

2465 3000 2596 3060 Folio.
2640 3004 2720 3064 Ja;
2742 3000 2903 3060 b-m1°;
2932 3005 3012 3065 n8.]
3056 3004 3121 3064 126
3159 3004 3311 3064 leaves,
3333 3007 3377 3067 8,
3406 3008 3493 3068 117,
3516 3007 3589 3067 and
3625 3004 3690 3064 118
3727 3004 3865 3064 blank.

2415 3056 2498 3116 162:
2530 3056 2576 3116 31
2614 3056 2730 3116 lines,
2768 3053 2864 3113 179X
2903 3054 2967 3114 113
3006 3053 3109 3113 mm.
3154 3059 3269 3119 Type
3308 3056 3378 3116 115
3417 3056 3468 3116 R.
3513 3056 3680 3116 Capital
3706 3056 3860 3116 spaces.

2414 3104 2704 3164 Line-endings
2754 3105 2859 3165 often
2915 3104 3125 3164 irregular.
3187 3108 3286 3168 Hain
3349 3112 3441 3172 5252
3497 3108 3602 3168 (with
3658 3109 3869 3169 variants).

2419 3160 2731 3220 Gesamtkatalog
2766 3163 2884 3223 6944.
2918 3160 3085 3220 Claudin
3120 3160 3175 3220 xi.

2464 3245 2525 3305 12,
2545 3244 2654 3304 letter
2688 3244 2729 3304 of
2750 3244 2940 3304 Fichetus
2968 3244 3002 3304 to
3042 3244 3294 3304 Lapidanus,
3315 3244 3430 3304 dated
3464 3244 3499 3304 as
3533 3244 3682 3304 above;
3723 3244 3778 3304 22,
3805 3244 3866 3304 1o.

2410 3296 2614 3356 Lapidano
2648 3296 2898 3356 tetrastichon
2938 3296 3228 3356 Fichetaeum;
3267 3296 3330 3356 2°,
3353 3296 3466 3356 letter
3494 3296 3535 3356 of
3563 3300 3796 3360 Lapidanus
3824 3298 3852 3358 to

2411 3348 2627 3408 Fichetus;
2663 3348 2720 3408 32,
2744 3348 2948 3408 Lapidani
2967 3348 3220 3408 tetrastichon
3257 3348 3294 3408 ad
3331 3348 3572 3408 Fichetum;
3610 3354 3671 3414 3P,
3696 3348 3789 3408 table
3826 3348 3862 3408 of

2410 3400 2590 3460 contents
2624 3400 2670 3460 of
2699 3400 2757 3460 De
2798 3400 2966 3460 officiis;
3012 3400 3070 3460 7a,
3105 3400 3163 3460 lo.
3192 3400 3238 3460 de
3278 3400 3429 3460 Lapide
3469 3402 3620 3462 cunctis
3661 3400 3834 3460 uirtutum

2406 3452 2652 3512 amatoribus
2684 3452 2815 3512 s.p.d.
2841 3452 2873 3512 [8
2910 3452 3055 3512 elegiac
3093 3452 3320 3512 couplets);
3364 3454 3427 3514 7b,
3452 3452 3496 3512 8,
3521 3452 3666 3512 blank;
3710 3455 3767 3515 9e,
3799 3452 3855 3512 De

2410 3504 2572 3564 officiis;
2621 3507 2711 3567 74°,
2741 3504 2887 3564 blank;
2929 3506 3019 3566 75',
3050 3504 3152 3564 table
3188 3504 3230 3564 of
3267 3504 3448 3564 contents
3485 3504 3533 3564 of
3563 3504 3623 3564 De
3666 3504 3859 3564 amicitia;

2415 3558 2493 3618 76a,
2524 3556 2584 3616 De
2621 3556 2820 3616 amicitia;
2863 3559 2954 3619 93°,
2984 3556 3129 3616 blank;
3172 3560 3263 3620 942,
3293 3556 3390 3616 table
3432 3556 3475 3616 of
3505 3556 3687 3616 contents
3724 3556 3766 3616 of
3803 3556 3857 3616 De

2408 3608 2641 3668 senectute;
2675 3608 2760 3668 952,
2789 3605 2845 3665 De
2879 3608 3112 3668 senectute;
3152 3608 3266 3668 1112,
3288 3608 3391 3668 table
3425 3608 3470 3668 of
3498 3608 3680 3668 contents
3714 3608 3754 3668 of
3788 3607 3856 3667 So-

2406 3660 2544 3720 mnium
2598 3660 2822 3720 Scipionis;
2871 3660 2979 3720 1122,
3009 3660 3064 3720 De
3106 3660 3305 3720 republica
3348 3660 3444 3720 liber
3481 3660 3613 3720 sextus
3649 3660 3752 3720 quod
3794 3660 3849 3720 De

2411 3712 2558 3772 somnio
2591 3716 2791 3776 Scipionis
2811 3712 3072 3772 inscribitur;
3105 3716 3199 3776 117,
3225 3716 3313 3776 118,
3332 3714 3473 3774 blank;
3513 3716 3620 3776 1192,
3640 3716 3859 3776 Paradoxa;

2411 3764 2532 3824 126b,
2545 3764 2685 3824 blank.

2464 3852 2504 3912 In
2538 3852 2592 3912 his
2620 3852 2728 3912 letter
2755 3852 2790 3912 to
2824 3852 3055 3912 Lapidanus
3083 3852 3273 3912 Fichetus
3300 3852 3470 3912 remarks
3497 3852 3599 3912 (12):
3619 3852 3762 3912 Nuper
3783 3852 3857 3912 ...

2408 3904 2641 3964 inciderunt
2675 3904 2772 3964 forte
2811 3904 2971 3964 fortuna
3005 3904 3152 3964 manus
3187 3904 3294 3964 meas
3334 3904 3448 3964 opera
3487 3900 3612 3960 multa
3653 3902 3857 3962 Ciceronis

2410 3956 2502 4016 quae
2543 3956 2729 4016 Turonem
2781 3956 2938 4016 externi
2967 3956 3106 4016 quidam
3158 3956 3315 4016 librarii
3338 3956 3454 4016 (quos
3489 3956 3657 4016 dicimus
3692 3956 3854 4016 impres¬

2410 4008 2534 4068 sores)
2557 4008 2818 4068 aduexerant.
2852 4008 2983 4068 Eorum
3034 4008 3136 4068 mihi
3153 4008 3267 4068 lectio
3295 4008 3374 4068 fuit
3392 4008 3409 4068 .
3431 4008 3476 4068 ..
3499 4008 3568 4068 non
3601 4008 3828 4068 ingrata..

2409 4060 2547 4120 fuisset
2577 4060 2681 4120 autem
2733 4060 2849 4120 longe
2878 4060 3162 4120 iocundissima
3197 4060 3232 4120 si
3255 4056 3568 4116 correctissimus
3603 4056 3637 4116 &
3661 4058 3852 4118 capitibus

2407 4109 2737 4169 distinctissimus
2766 4112 2865 4172 liber
2894 4112 3062 4172 quisque
3097 4109 3242 4169 fuisset
3265 4108 3596 4168 quemadmodum
3654 4110 3856 4170 Ciceronis

2414 4164 2556 4224 Orator
2586 4164 2598 4224 /
2621 4160 2799 4220 Valerius
2834 4164 2846 4224 /
2876 4164 2911 4224 &
2935 4164 3172 4224 Laurentius
3201 4164 3320 4224 opera
3349 4160 3408 4220 tua
3444 4163 3539 4223 sunt
3562 4160 3752 4220 impressi

2415 4216 2588 4276 Rogatum
2637 4213 2767 4273 itaque
2804 4212 2834 4272 te
2872 4212 2952 4272 volo
2989 4216 3033 4276 ut
3063 4216 3267 4276 Ciceronis
3299 4212 3441 4272 Officia
3471 4216 3582 4276 (quae
3620 4212 3854 4272 Parisienses

2415 4268 2559 4328 librarii
2589 4268 2662 4328 non
2710 4268 2825 4328 longo
2868 4267 2958 4327 post
2994 4268 3169 4328 tempore
3211 4264 3308 4324 sunt
3339 4264 3598 4324 impressuri)
3628 4268 3743 4328 prius
3779 4264 3846 4324 isto

2410 4316 2630 4376 castigandi
2653 4316 2711 4376 tuo
2740 4318 3093 4378 distinguendique
3116 4316 3244 4376 labore
3273 4316 3493 4376 reddantur
3516 4316 3696 4376 meliora.
3731 4316 3765 4376 In
3800 4316 3852 4376 his

2410 4368 2511 4428 reply
2543 4368 2770 4428 Lapidanus
2795 4371 2966 4431 remarks
2991 4372 3086 4432 (32):
3105 4368 3193 4428 Non
3224 4368 3427 4428 Ciceronis
3452 4372 3584 4432 tantum
3628 4368 3805 4428 Officia.

2410 4420 2624 4480 emendaui
2653 4422 2862 4482 rubrisque
2903 4420 3129 4480 capitulatim
3187 4420 3350 4480 seiunxi
3379 4421 3437 4481 sed
3478 4424 3495 4484 .
3524 4424 3541 4484 .
3564 4424 3582 4484 .
3628 4420 3785 4480 Laelium

2414 4472 2648 4532 Catonem/
2667 4472 2908 4532 sextumque
2938 4472 2994 4532 De
3031 4472 3229 4532 republica
3259 4472 3377 4532 (quod
3414 4472 3605 4532 Somnium
3654 4472 3851 4532 Scipionis

2409 4525 2490 4585 dici
2501 4525 2620 4585 solet)
2637 4524 2870 4584 emendatos
2892 4524 3114 4584 pariterque
3136 4524 3337 4584 seiunctos
3358 4524 3439 4584 tuae
3466 4524 3603 4584 tandem
3646 4524 3852 4584 summitto

2411 4577 2598 4637 trutinae.
2640 4578 2719 4638 The
2749 4576 2894 4636 edition
2930 4576 3003 4636 not
3021 4576 3197 4636 marking
3233 4576 3414 4636 chapters
3445 4574 3475 4634 to
3511 4576 3632 4636 which
3668 4576 3856 4636 Fichetus

2411 4632 2525 4692 refers
2555 4628 2664 4688 must
2688 4628 2730 4688 be
2760 4628 2845 4688 that
2870 4628 2912 4688 of
2936 4628 3111 4688 Cicero's
3141 4628 3437 4688 philosophical
3462 4628 3582 4688 works
3612 4628 3655 4688 by
3691 4625 3854 4685 Sweyn-

2412 4684 2505 4744 heym
2565 4680 2632 4740 and
2679 4680 2892 4740 Pannartz,
2926 4680 3073 4740 Rome,
3107 4682 3207 4742 1471
3240 4680 3334 4740 (IB.
3367 4680 3561 4740 17177/1,
3594 4680 3721 4740 77/2).
3768 4680 3854 4740 The

2407 4732 2579 4792 editions
2609 4732 2650 4792 of
2674 4732 2846 4792 Cicero's
2876 4732 3024 4792 Orator
3048 4732 3119 4792 and
3155 4732 3196 4792 of
3220 4732 3398 4792 Valerius
3428 4732 3636 4792 Maximus
3666 4732 3707 4792 of
3731 4732 3849 4792 which

2405 4784 2452 4844 he
2482 4784 2618 4844 speaks
2642 4784 2683 4844 as
2707 4784 2932 4844 previously
2961 4784 3115 4844 printed
3151 4783 3210 4843 are
3240 4784 3311 4844 not
3328 4784 3471 4844 known
3506 4784 3541 4844 to
3577 4784 3761 4844 survive;
3790 4780 3849 4840 the

2424 4836 2684 4896 Laurentius'
2719 4836 2754 4896 is
2797 4836 2860 4896 the
2902 4836 3036 4896 Valla,
3071 4836 3325 4896 Elegantiae,
3360 4840 3402 4900 of
3444 4840 3543 4900 1471
3585 4836 3768 4896 (Claudin
3810 4838 3859 4898 x,

2413 4892 2579 4952 Proctor
2601 4889 2767 4949 17828).
