4288 6016
496 671 562 731 189
591 668 606 728 X
635 668 708 728 132
738 664 855 724 mm.
884 660 1148 720 Imperfect,
1170 660 1354 720 wanting
1383 660 1522 720 leaves
1552 663 1624 723 99,
1646 660 1713 720 100
1742 660 1888 720 (lk9,

432 740 522 800 10),
537 732 666 792 which
704 728 802 788 have
840 724 939 784 been
969 724 1174 784 supplied
1212 720 1242 780 in
1272 722 1371 782 very
1401 720 1552 780 skilful
1575 720 1870 780 pen-and-ink

432 798 658 858 facsimile.
693 788 842 848 Bound
877 788 912 848 in
940 785 1124 845 crushed
1161 784 1224 844 red
1259 788 1457 848 morocco
1485 784 1585 844 with
1613 784 1712 844 gold
1741 788 1867 848 lining

424 868 472 928 by
512 852 991 912 Bauzonnet-Trautz.
1030 852 1142 912 From
1198 852 1262 912 the
1294 852 1430 912 Libri
1446 848 1709 908 collection.

491 940 665 1000 Bought
688 940 720 1000 in
760 936 973 996 January,
996 933 1130 993 1848.

1603 932 1692 992 IA.
1714 932 1884 992 39002.

431 1164 927 1224 SALLUSTIUS
968 1160 1342 1220 CRISPUS,
1352 1160 1569 1220 GAIUS.
1611 1160 1879 1220 Catilina.

509 1248 695 1308 Bellum
766 1240 1216 1300 Jugurthinum.

1338 1240 1647 1300 January,
1677 1240 1856 1300 1471?

496 1333 556 1393 1a.
571 1330 669 1390 Caii
684 1328 835 1388 Crispi
850 1324 1039 1384 Salustii
1084 1325 1137 1385 de
1167 1324 1296 1384 Lucii
1348 1324 1537 1384 Catilinæ
1574 1324 1876 1384 coniuratione

434 1397 539 1457 liber
619 1392 829 1452 fœliciter
861 1389 1047 1449 incipit;
1127 1388 1385 1448 JOJMNIS
1434 1388 1643 1448 homines
1676 1388 1756 1448 qui
1789 1384 1877 1444 sese

431 1460 579 1520 student
628 1456 833 1516 præstare
861 1452 1031 1512 cæteris
1052 1452 1313 1512 animalibus
1370 1452 1448 1512 ...
1483 1460 1575 1520 352,
1596 1452 1843 1512 COLOPHON
1878 1455 1892 1515 :

435 1521 495 1581 C.
517 1522 660 1582 Crispi
691 1516 872 1576 Salustii
895 1516 940 1576 de
978 1516 1280 1576 coniuratione
1356 1516 1560 1576 Catilinae
1590 1512 1703 1572 liber
1757 1512 1878 1572 foli¬

437 1588 536 1648 citer
559 1584 682 1644 finit;
712 1580 827 1640 372.
850 1580 943 1640 Caii
966 1580 1119 1640 Crispi
1142 1578 1364 1638 Salustii/
1379 1576 1426 1636 de
1464 1576 1571 1636 bello
1602 1577 1648 1637 Iu
1701 1580 1878 1640 gurthae

583 1648 731 1708 liber/
753 1641 952 1701 fœeliciter
980 1644 1166 1704 incipit;
1208 1644 1329 1704 1052,
1357 1640 1649 1700 COLOPHON:

439 1660 449 1720 .
475 1656 490 1716 .
516 1656 526 1716 .

601 1724 620 1784 N
670 1724 746 1784 unc
777 1724 904 1784 parat
929 1724 1042 1784 arma
1074 1720 1244 1780 uirosque
1263 1722 1313 1782 sil
1338 1722 1401 1782 rex
1433 1724 1653 1784 maximus
1684 1724 1823 1784 orbis.

611 1791 624 1851 H
669 1788 837 1848 ostibus
869 1788 1057 1848 antiquis
1089 1786 1245 1846 exitium
1303 1784 1536 1844 minitans.

599 1852 619 1912 N
667 1852 748 1912 unc
774 1852 908 1912 igitur
936 1848 1043 1908 bello
1077 1848 1259 1908 studeas
1285 1848 1386 1908 gens
1420 1848 1716 1908 pariseorum.

609 1916 629 1976 C
663 1916 710 1976 ui
731 1916 880 1976 martis
908 1913 1112 1973 quondam
1166 1912 1296 1972 gloria
1330 1912 1480 1972 magna
1514 1914 1697 1974 fuit..
1718 1917 1731 1977 .
1751 1918 1765 1978 .

604 1977 913 2037 Armigerisque
931 1976 1018 2036 tuis
1043 1976 1303 2036 alemannos
1327 1976 1618 2036 adnumeres.
1661 1976 1741 2036 qui

600 2044 708 2104 Hos
734 2040 931 2100 pressere
957 2040 1093 2100 libros
1127 2040 1241 2100 arma
1268 2040 1417 2100 futura
1444 2040 1552 2100 tibi;

493 2120 653 2180 Quarto.
692 2111 807 2171 Jab1°
833 2108 936 2168 cd°;
955 2108 1006 2168 ef
1070 2111 1161 2171 g-is
1192 2108 1276 2168 k112
1302 2115 1391 2175 m2.1
1430 2116 1501 2176 106
1539 2116 1686 2176 leaves,
1719 2117 1764 2177 36
1802 2116 1873 2176 and

438 2172 498 2232 106
528 2172 661 2232 blank.
698 2168 758 2228 22:
782 2168 819 2228 23
849 2168 970 2228 lines,
994 2168 1055 2228 133
1086 2165 1098 2225 x
1122 2164 1219 2224 86-7
1249 2168 1352 2228 mm.
1382 2168 1528 2228 Type:
1546 2168 1612 2228 115
1642 2168 1691 2228 R.
1727 2168 1885 2228 Capital

436 2224 584 2284 spaces.
616 2221 815 2281 Irregular
841 2220 1137 2280 line-endings.
1169 2220 1272 2280 Hain
1304 2220 1451 2280 14189.
1483 2220 1651 2280 Claudin
1683 2220 1741 2280 iii.

492 2292 569 2352 The
591 2288 786 2348 reference
808 2288 835 2348 in
863 2288 924 2348 the
946 2288 1140 2348 colophon
1168 2288 1191 2348 is
1213 2288 1318 2348 taken
1346 2286 1379 2346 to
1407 2284 1445 2344 be
1468 2284 1496 2344 to
1523 2286 1584 2346 the
1607 2288 1878 2348 preparations

436 2344 544 2404 made
568 2340 611 2400 by
641 2340 762 2400 Louis
780 2340 840 2400 XI
858 2340 1016 2400 against
1034 2340 1198 2400 Charles
1222 2340 1282 2400 the
1313 2340 1427 2400 Bold,
1446 2340 1560 2400 Duke
1584 2340 1627 2400 of
1645 2340 1882 2400 Burgundy,

436 2396 499 2456 and
527 2392 772 2452 particularly
800 2392 828 2452 to
857 2392 914 2452 the
942 2392 1016 2452 call
1033 2392 1062 2452 to
1090 2392 1193 2452 arms
1215 2392 1448 2452 proclaimed
1477 2392 1505 2452 in
1539 2392 1636 2452 Paris
1659 2392 1687 2452 in
1715 2392 1778 2452 the
1801 2392 1886 2452 first

438 2448 561 2508 weeks
580 2444 617 2504 of
635 2448 728 2508 1471
753 2448 802 2508 (J.
814 2448 857 2508 P.
876 2448 925 2508 A.
938 2444 1141 2504 Madden,
1160 2444 1308 2504 Lettres
1333 2444 1419 2504 d'un
1443 2444 1740 2504 bibliographe,
1753 2446 1832 2506 sér.
1845 2453 1882 2513 5,

440 2507 510 2567 pp.
531 2500 621 2560 159,
649 2500 753 2560 160).

490 2573 564 2633 204
586 2573 608 2633 X
638 2572 705 2632 142
750 2572 868 2632 mm.
921 2572 1017 2632 The
1062 2572 1159 2632 first
1196 2572 1301 2632 four
1338 2572 1487 2632 quires
1531 2572 1613 2632 (De
1657 2572 1873 2632 Catilinae

440 2636 759 2696 coniuratione)
780 2636 898 2696 only,
926 2636 995 2696 and
1030 2636 1224 2696 without
1245 2636 1315 2696 the
1342 2636 1468 2696 blank
1495 2636 1586 2696 leaf
1606 2635 1676 2695 36.
1711 2634 1877 2694 Manu-

439 2700 566 2760 script
593 2700 800 2760 quiring,
827 2698 981 2758 mostly
1028 2700 1101 2760 cut
1134 2700 1275 2760 away.
1321 2700 1448 2760 Fully
1488 2700 1763 2760 rubricated,
1796 2700 1869 2760 and

437 2764 526 2824 each
560 2764 798 2824 type-page
826 2760 1024 2820 enclosed
1065 2762 1099 2822 in
1134 2764 1202 2824 red
1236 2764 1372 2824 rules.

493 2844 602 2904 King
636 2844 814 2904 George
839 2844 949 2904 III's
983 2844 1085 2904 copy
1118 2847 1194 2907 (C.
1211 2844 1262 2904 2.
1279 2846 1321 2906 a.
1346 2848 1439 2908 19).

1609 2844 1692 2904 IA.
1720 2844 1874 2904 39005.

440 3068 784 3128 FLORUS,
813 3072 1030 3132 LUCIUS
1068 3072 1383 3132 ANNAEUS.
1433 3068 1728 3128 Epitome.

1576 3148 1875 3208 Undated.

496 3232 561 3292 1b.
586 3232 660 3292 In.
693 3236 750 3296 L.
784 3236 939 3296 Annei
972 3236 1096 3296 Flori
1129 3236 1367 3296 Epithoma
1408 3236 1457 3296 de
1499 3235 1868 3295 hystoriait

441 3297 591 3357 Liuii/
606 3300 879 3360 Argumentu
915 3300 1116 3360 fœliciter
1138 3300 1325 3360 incipit;
1361 3296 1426 3356 22.
1447 3296 1576 3356 Lucii
1599 3296 1742 3356 Annei
1763 3296 1885 3356 Flori

442 3360 487 3420 de
510 3360 592 3420 tota
622 3360 811 3420 hystoria
842 3362 939 3422 Titi
1007 3360 1128 3420 Liuii
1150 3360 1384 3420 Epithoma
1414 3360 1617 3420 fœliciter
1640 3360 1821 3420 incipit;

452 3424 681 3484 POpulus
711 3424 940 3484 Romanus
969 3424 983 3484 a
1019 3424 1113 3484 rege
1148 3424 1335 3484 Romulo
1407 3424 1443 3484 in
1485 3422 1637 3482 cæsare
1673 3424 1866 3484 Augustu

438 3488 525 3548 ...
569 3486 656 3546 892,
686 3488 979 3548 COLOPHON:
1000 3488 1058 3548 L.
1088 3488 1235 3548 Annei
1264 3488 1381 3548 Flori
1410 3484 1614 3544 Epitoma
1644 3488 1695 3548 de
1768 3484 1870 3544 Tito

433 3548 555 3608 Liuio
625 3548 724 3608 finit
747 3552 863 3612 liber
886 3552 1100 3612 quartus;
1176 3550 1399 3610 Robertus
1429 3552 1667 3612 Gaguinus
1736 3552 1881 3612 Lucei

433 3612 579 3672 Annei
630 3616 758 3676 Flori
784 3616 1066 3676 lectoribus/
1083 3616 1247 3676 salutem
1298 3616 1452 3676 optat;

609 3692 629 3752 Q
670 3692 745 3752 uos
773 3696 882 3756 nulla
916 3696 951 3756 in
985 3696 1107 3756 terris
1135 3695 1415 3755 concluserat
1442 3693 1511 3753 ora
1538 3692 1722 3752 quirites

602 3756 616 3816 H
668 3756 728 3816 aec
758 3756 862 3816 flori
884 3760 1123 3820 obstrictos
1152 3758 1279 3818 parua
1316 3756 1473 3816 tabella
1502 3756 1636 3816 capit.

451 3820 510 3880 (v.
525 3817 569 3877 8)
607 3819 629 3879 A
666 3820 689 3880 d
719 3820 868 3880 manes
897 3824 1046 3884 raptos
1075 3821 1090 3881 /
1113 3820 1187 3880 uos
1217 3820 1365 3880 breuis
1396 3820 1499 3880 urna
1529 3819 1640 3879 teget

1410 3884 1591 3944 Valete;

488 3956 654 4016 Quarto.
689 3955 772 4015 [a-f
835 3956 904 4016 ge;
924 3956 938 4016 h
966 3954 1015 4014 il°
1042 3957 1098 4017 k4.
1146 3960 1195 4020 90
1223 3958 1368 4018 leaves,
1389 3956 1452 4016 the
1479 3956 1556 4016 last
1576 3957 1715 4017 blank.
1749 3957 1812 4017 32:
1833 3959 1874 4019 23

438 4003 545 4063 lines,
577 4008 640 4068 132
671 4004 684 4064 x
709 4006 803 4066 86-8
841 4010 948 4070 mm.
992 4009 1137 4069 Type:
1169 4010 1232 4070 115
1263 4012 1314 4072 R.
1358 4009 1516 4069 Capital
1553 4008 1711 4068 spaces.
1755 4008 1874 4068 Line¬

436 4056 600 4116 endings
625 4060 876 4120 occasionally
908 4064 1122 4124 irregular.
1153 4064 1248 4124 Hain
1286 4060 1405 4120 7196.
1437 4060 1600 4120 Claudin
1638 4061 1688 4121 iv.

486 4124 702 4184 According
739 4128 770 4188 to
801 4129 820 4189 a
844 4129 937 4189 note
968 4132 999 4192 in
1036 4129 1203 4189 Panzer,
1228 4132 1302 4192 from
1358 4128 1463 4188 whom
1512 4128 1654 4188 Hain's
1686 4130 1753 4190 no.
1778 4129 1871 4189 7196

436 4176 600 4236 derives,
629 4177 691 4237 the
725 4180 856 4240 verses
890 4180 935 4240 of
963 4184 1179 4244 Gaguinus
1207 4180 1253 4240 on
1292 4180 1361 4240 892
1389 4180 1451 4240 are
1485 4180 1649 4240 omitted
1689 4180 1723 4240 in
1763 4180 1870 4240 some

437 4224 579 4284 copies.
627 4231 703 4291 The
739 4231 840 4291 word
887 4232 1041 4292 fertur'
1064 4236 1094 4296 in
1135 4236 1195 4296 the
1230 4236 1324 4296 sixth
1366 4232 1437 4292 line
1473 4232 1514 4292 of
1544 4230 1650 4290 these
1685 4231 1810 4291 verses
1839 4232 1869 4292 is

439 4276 573 4336 altered
605 4280 650 4340 by
676 4284 829 4344 erasure
862 4286 932 4346 and
964 4288 1233 4348 pen-and-ink
1266 4288 1298 4348 to
1337 4284 1472 4344 fertis'
1491 4284 1523 4344 in
1555 4284 1631 4344 this
1657 4284 1728 4344 and
1760 4284 1875 4344 other

434 4329 594 4389 copies.

493 4396 570 4456 The
599 4402 691 4462 copy
719 4404 761 4464 of
775 4405 853 4465 this
882 4408 973 4468 book
1009 4408 1129 4468 which
1157 4408 1348 4468 belonged
1376 4404 1412 4464 to
1440 4404 1610 4464 Heynlin
1638 4404 1716 4464 was
1737 4404 1871 4464 bound

435 4448 471 4508 at
501 4450 562 4510 the
598 4454 689 4514 time
725 4456 767 4516 of
791 4456 840 4516 its
876 4460 1119 4520 publication
1161 4460 1252 4520 with
1288 4460 1355 4520 the
1391 4456 1560 4516 Sallust,
1590 4456 1796 4516 according
1839 4456 1869 4516 to

443 4501 622 4561 Claudin,
642 4504 725 4564 The
751 4507 835 4567 first
854 4508 963 4568 Paris
983 4512 1112 4572 press,
1131 4512 1176 4572 p.
1189 4512 1234 4572 9.
1266 4509 1363 4569 This
1388 4509 1472 4569 may
1498 4508 1666 4568 perhaps
1691 4508 1736 4568 be
1761 4508 1865 4568 taken

438 4552 469 4612 as
493 4553 672 4613 evidence
703 4560 783 4620 that
808 4560 864 4620 the
895 4560 962 4620 two
993 4564 1160 4624 editions
1185 4564 1246 4624 are
1271 4564 1339 4624 not
1357 4561 1413 4621 far
1437 4560 1548 4620 apart
1567 4560 1597 4620 in
1629 4560 1739 4620 time.

490 4626 565 4686 202
588 4628 610 4688 X
640 4632 709 4692 138
746 4632 859 4692 mm.
897 4636 1078 4696 Capital
1101 4636 1176 4696 and
1213 4636 1372 4696 border
1402 4636 1598 4696 supplied
1635 4632 1665 4692 in
1704 4632 1877 4692 several

433 4688 601 4748 colours
630 4694 673 4754 on
702 4696 768 4756 22,
783 4696 899 4756 other
922 4700 1104 4760 capitals
1126 4700 1198 4760 and
1235 4700 1468 4760 paragraph
1505 4696 1643 4756 marks
1665 4696 1862 4756 supplied

433 4750 462 4810 in
499 4750 558 4810 red
588 4755 633 4815 or
655 4759 782 4819 blue.
812 4761 922 4821 Each
959 4764 1198 4824 type-page
1220 4764 1420 4824 enclosed
1457 4760 1487 4820 in
1525 4760 1591 4820 red
1628 4760 1762 4820 rules.
1799 4760 1858 4820 On

432 4809 505 4869 89°
541 4815 622 4875 and
665 4820 746 4880 9oe
782 4823 811 4883 is
856 4824 1023 4884 written
1067 4824 1139 4884 the
1184 4827 1330 4887 Oratio
1380 4824 1607 4884 Francisci
1643 4820 1876 4880 Puteolani

439 4880 678 4940 Parmensis
716 4887 746 4947 in
793 4888 954 4948 laudem
1015 4892 1215 4952 historiae
1261 4888 1408 4948 habita
1454 4888 1669 4948 Bononiae
1715 4884 1868 4944 octauo

1954 656 2055 716 Idus
2090 657 2364 717 Nouembris
2407 660 2537 720 1472.
2587 660 2645 720 At
2681 660 2745 720 the
2789 660 2890 720 head
2940 660 2983 720 of
3019 660 3091 720 9oa
3127 660 3156 720 is
3200 660 3400 720 written:

1950 724 2027 784 Iste
2055 722 2147 782 eple
2168 724 2323 784 phalar
2400 720 2457 780 cum
2478 724 2562 784 alijs
2583 724 2703 784 opib?
2724 720 2823 780 sunt
2844 724 2929 784 mei
2943 721 3055 781 petri
3076 724 3203 784 Bosca
3239 725 3387 785 eccne

1944 786 2134 846 ppositi.
2175 788 2311 848 1478.
2352 788 2461 848 From
2529 788 2597 848 the
2645 788 2801 848 library
2842 784 2890 844 of
2931 787 2998 847 the
3046 784 3162 844 Rev.
3189 788 3386 848 Thomas

1952 848 2100 908 Crofts
2135 852 2241 912 (sold
2291 852 2326 912 in
2375 852 2531 912 1783),
2559 852 2637 912 and
2687 852 2899 912 probably
2941 852 3047 912 once
3097 852 3238 912 bound
3287 852 3380 912 with

1958 916 2029 976 IA.
2059 916 2188 976 39026
2217 916 2231 976 a
2267 916 2505 976 (Phalaris,
2527 916 2706 976 below).

2011 988 2122 1048 King
2154 988 2329 1048 George
2361 991 2472 1051 III's
2497 992 2600 1052 copy
2632 992 2711 1052 (C.
2727 992 2775 1052 2.
2799 992 2838 1052 a.
2854 992 2950 1052 21).

3114 992 3203 1052 IA.
3226 992 3402 1052 39007.

1950 1204 2392 1264 FICHETUS,
2421 1206 2843 1266 GUILLERMUS.
2892 1204 3225 1264 Rhetorica.

2955 1288 3172 1348 JJuly?,
3205 1292 3367 1352 1471.

2006 1372 2071 1432 3b.
2108 1368 2276 1428 AJNte
2321 1364 2467 1424 omnia
2511 1364 2686 1424 petenti
2723 1364 2840 1424 mihi
2928 1364 3060 1424 dabis
3104 1364 3229 1424 ueniâ
3272 1364 3396 1424 pater

2358 1428 2418 1488 62,
2446 1428 2479 1488 l.
2506 1428 2587 1488 18:
2614 1428 2815 1488 Aedibus
2849 1428 3050 1488 Sorbonæ
3104 1428 3259 1488 parisii
3286 1427 3393 1487 scri¬

1947 1428 2122 1488 sancte.

1944 1492 2107 1552 ptum/
2114 1492 2258 1552 pridie
2303 1492 2513 1552 kalendas
2533 1492 2795 1552 septembris
2815 1491 2919 1551 anno
2952 1488 3024 1548 uno
3050 1488 3089 1548 &
3096 1492 3365 1552 septuagesi-

1944 1556 2013 1616 mo
2061 1556 2526 1616 quadringentesimoque
2561 1556 2686 1616 supra
2735 1553 3053 1613 millesimum;
3109 1552 3178 1612 7a.
3213 1552 3393 1612 GVIL¬

1953 1616 2147 1676 LERMI
2168 1619 2341 1679 Ficheti
2362 1617 2570 1677 Alnetani
2590 1620 2597 1680 /
2618 1620 2750 1680 artium
2833 1616 2875 1676 &
2889 1617 3117 1677 theologiae
3138 1617 3387 1677 parisiensis

1946 1680 2180 1740 doctoris/
2207 1684 2555 1744 rhetoricorum
2608 1684 2748 1744 libron
2788 1680 3015 1740 praefatio;
3056 1680 3149 1740 10.
3176 1680 3390 1740 Fichęteae

1945 1744 2172 1804 rhetoricae
2201 1744 2391 1804 praefatio
2421 1747 2537 1807 finit.
2581 1747 2757 1807 Incipit
2779 1744 2888 1804 liber
2910 1744 3108 1804 primus;
3188 1744 3306 1804 (112)
3328 1744 3386 1804 De

1949 1812 2106 1872 quinque
2125 1808 2345 1868 rhetoricis
2377 1808 2566 1868 elementis
2591 1808 2704 1868 artem
2755 1808 2887 1868 extrin
2938 1808 3069 1868 secus
3095 1808 3390 1868 comprehen¬

1945 1872 2153 1932 dentibus
2181 1876 2389 1936 omnem;
2467 1872 2753 1932 AJRtificiose
2783 1872 2961 1932 dicendi
2976 1868 3083 1928 racio
3112 1872 3227 1932 (quae
3248 1872 3362 1932 latis¬

1943 1936 2043 1996 sime
2077 1936 2211 1996 patet)
2231 1940 2317 2000 ...
2352 1940 2472 2000 1952.
2492 1936 2652 1996 Operis
2672 1936 2926 1996 peroratio;
2960 1932 3080 1992 1962,
3107 1935 3394 1995 COLOPHON:

1950 2000 1984 2060 In
2030 2000 2211 2060 Parision
2258 2000 2458 2060 Sorbona
2492 2000 2678 2060 conditæe
2712 2000 2932 2060 Ficheteae
3006 1996 3220 2056 rhetorica
3267 2000 3393 2060 finis;

1950 2062 2137 2122 Roberti
2156 2064 2357 2124 Gaguini
2376 2065 2416 2125 se
2469 2064 2570 2124 quit
2596 2060 2884 2120 panagericus
2910 2064 2943 2124 in
2977 2060 3231 2120 auctorem;
3270 2060 3398 2120 1966.

1951 2128 2062 2188 Patri
2090 2128 2131 2188 ac
2166 2128 2437 2188 præceptori
2458 2128 2534 2188 suo
2611 2127 2860 2187 Guillermo
2944 2124 3124 2184 Ficheto
3166 2124 3395 2184 parisiensi

2492 2188 2708 2248 Robertus
2752 2188 3010 2248 Gaguinus.
3047 2188 3234 2248 S.P.D.;
3270 2184 3401 2244 1972,

1945 2190 2152 2250 theologo
2195 2188 2374 2248 doctori

1946 2252 2076 2312 END:
2115 2256 2430 2316 Gaguinumque
2461 2256 2599 2316 magis
2646 2256 2746 2316 usque
2784 2254 3000 2314 benignus
3046 2253 3169 2313 ama;
3269 2252 3401 2312 Vale.

1949 2317 2141 2377 Foelixque
2163 2318 2296 2378 uiue;

1992 2388 2168 2448 Quarto.
2198 2385 2264 2445 4
2287 2384 2514 2444 24;
2529 2384 2595 2444 af
2639 2376 2728 2436 glo;
2742 2376 2786 2436 1
2874 2376 3235 2436 jm;p

1948 2432 2001 2492 y1o
2031 2429 2079 2489 x8
2114 2425 2221 2485 y10-1
2303 2440 2369 2500 197
2410 2440 2552 2500 leaves,
2582 2436 2648 2496 the
2683 2436 2772 2496 first
2801 2436 2873 2496 two
2914 2436 3056 2496 blank.
3098 2433 3163 2493 92:
3193 2435 3234 2495 23
3276 2436 3394 2496 lines,

1949 2490 2013 2550 129
2045 2488 2058 2548 X
2077 2489 2116 2549 88
2167 2492 2276 2552 mm.
2322 2492 2469 2552 Type:
2508 2492 2572 2552 115
2604 2492 2655 2552 R.
2707 2492 2867 2552 Capital
2906 2488 3066 2548 spaces.
3118 2488 3214 2548 Hain
3272 2494 3393 2554 7057.

1949 2544 2115 2604 Claudin
2147 2542 2204 2602 vi.

2003 2608 2036 2668 1,
2049 2608 2089 2668 2,
2108 2610 2160 2670 32,
2180 2604 2318 2664 blank;
2338 2607 2397 2667 3P,
2410 2604 2587 2664 author's
2607 2604 2831 2664 dedicatory
2857 2603 2962 2663 letter
2981 2600 3015 2660 to
3041 2600 3139 2660 Pope
3165 2600 3297 2660 Sixtus
3323 2604 3395 2664 IV,

1949 2657 2051 2717 dated
2088 2658 2124 2718 as
2148 2656 2300 2716 above;
2325 2656 2385 2716 6b,
2403 2656 2548 2716 blank;
2573 2657 2628 2717 72,
2652 2656 2864 2716 praefatio;
2894 2653 2973 2713 112,
2998 2652 3071 2712 lib.
3089 2655 3125 2715 1;
3143 2653 3228 2713 692,
3252 2652 3325 2712 lib.
3343 2658 3392 2718 ii;

1949 2712 2053 2772 1222,
2072 2708 2146 2768 lib.
2159 2711 2226 2771 iii;
2251 2710 2356 2770 1952,
2374 2708 2596 2768 peroratio;
2615 2708 2725 2768 1966,
2744 2708 2886 2768 elegiac
2911 2708 3090 2768 couplets
3114 2704 3151 2764 of
3176 2704 3385 2764 Gaguinus

1945 2763 1975 2823 to
2006 2760 2067 2820 the
2097 2760 2263 2820 author;
2287 2760 2403 2820 1970,
2421 2760 2562 2820 blank.

1997 2824 2030 2884 In
2064 2824 2120 2884 his
2142 2824 2359 2884 peroration
2393 2824 2454 2884 the
2482 2824 2622 2884 author
2644 2824 2817 2884 remarks
2839 2827 2989 2887 (1952):
3006 2820 3084 2880 suis
3107 2820 3391 2880 annotauimus

1942 2876 2174 2936 nominibus
2203 2876 2380 2936 quasque
2408 2872 2602 2932 cuiusque
2635 2876 2691 2936 rei
2713 2872 2863 2932 partes.
2902 2872 2997 2932 quae
3030 2872 3175 2932 quidem
3224 2872 3385 2932 nomina

1948 2930 2021 2990 i.e.
2044 2928 2101 2988 the
2134 2924 2373 2984 title-words
2402 2924 2441 2984 of
2464 2924 2520 2984 the
2554 2924 2708 2984 various
2736 2924 2906 2984 sections
2946 2924 3116 2984 suaserim
3167 2924 3377 2984 memoriae

1941 2980 2045 3040 causa
2083 2980 2148 3040 uel
2175 2976 2436 3036 discoloribus
2469 2976 2671 3036 litterarum
2725 2976 2861 3036 figuris
2894 2976 2959 3036 uel
2981 2975 3215 3035 maiusculis
3248 2976 3362 3036 saltem

1944 3032 2094 3092 effingi.
2117 3032 2204 3092 The
2233 3028 2488 3088 nomina'are
2511 3028 2754 3088 accordingly
2784 3028 2928 3088 printed
2957 3028 2986 3088 in
3015 3028 3171 3088 capitals
3189 3028 3379 3088 through-

1938 3084 2026 3144 out.
2065 3081 2120 3141 On
2159 3080 2248 3140 1962
2275 3080 2314 3140 he
2348 3080 2502 3140 further
2530 3080 2680 3140 alludes
2707 3080 2740 3140 to
2785 3080 2846 3140 illa
2874 3078 2979 3138 mihi
3001 3079 3046 3139 de
3073 3078 3262 3138 manibus
3295 3080 3378 3140 ante

1943 3132 2034 3192 suum
2078 3132 2235 3192 tempus
2262 3132 2387 3192 erepta
2420 3132 2598 3192 informis
2620 3132 2728 3192 rerum
2777 3132 2967 3192 aceruatio
3010 3130 3129 3190 which
3178 3132 3319 3192 tandem
3367 3132 3378 3192 a

1938 3184 2137 3244 libratiore
2182 3184 2353 3244 editione
2398 3184 2563 3244 prorsus
2603 3184 2858 3244 extinguatur
2882 3180 3103 3240 —possibly
3154 3180 3217 3240 the
3257 3180 3376 3240 much

1942 3236 2092 3296 shorter
2123 3236 2320 3296 recension
2356 3236 2398 3296 of
2423 3234 2481 3294 the
2517 3236 2600 3296 text
2620 3232 2760 3292 known
2796 3232 2874 3292 from
2926 3232 3014 3292 four
3045 3232 3169 3292 leaves
3201 3232 3242 3292 of
3268 3232 3387 3292 proof

1939 3288 2071 3348 bound
2108 3291 2140 3351 in
2172 3288 2234 3348 the
2266 3288 2361 3348 copy
2392 3288 2430 3348 at
2461 3288 2524 3348 the
2562 3288 2782 3348 University
2820 3288 2977 3348 Library
3015 3284 3053 3344 of
3085 3284 3267 3344 Freiburg
3305 3289 3386 3349 i.B.

1939 3342 2156 3402 (Claudin,
2176 3343 2215 3403 p.
2235 3341 2320 3401 56).

2000 3410 2075 3470 The
2107 3408 2283 3468 collation
2315 3408 2422 3468 given
2460 3408 2580 3468 above
2611 3408 2737 3468 agrees
2769 3408 2851 3468 with
2889 3408 2952 3468 the
2977 3405 3229 3465 manuscript
3254 3408 3380 3468 signa-

1935 3460 2040 3520 tures
2075 3460 2151 3520 and
2191 3460 2279 3520 with
2325 3460 2412 3520 that
2441 3460 2488 3520 of
2517 3460 2587 3520 M.
2616 3460 2744 3520 Polain
2791 3460 2820 3520 in
2867 3460 2931 3520 the
2972 3456 3188 3516 Catalogue
3228 3456 3385 3516 général

1938 3516 2025 3576 (no.
2048 3516 2187 3576 4784),
2216 3512 2355 3572 except
2384 3512 2471 3572 that
2494 3512 2541 3572 he
2576 3512 2744 3572 counted
2784 3511 2796 3571 a
2831 3508 3062 3568 redundant
3091 3508 3202 3568 blank
3236 3508 3312 3568 leaf
3341 3509 3370 3569 in

1949 3565 2045 3625 quire
2075 3565 2148 3625 [v),
2166 3564 2226 3624 the
2250 3564 2432 3624 make-up
2462 3564 2505 3624 of
2523 3564 2643 3624 which
2674 3564 2698 3624 is
2722 3561 2946 3621 uncertain.
2982 3560 3121 3620 Quires
3302 3561 3387 3621 are,

1940 3616 2144 3676 however,
2173 3616 2213 3676 an
2252 3616 2429 3676 addition
2468 3616 2542 3676 and
2582 3616 2775 3676 comprise
2815 3612 2877 3672 the
2917 3612 3002 3672 text
3031 3612 3070 3672 of
3104 3612 3167 3672 the
3206 3612 3382 3672 author's

1941 3668 2160 3728 dedication
2196 3668 2232 3728 to
2267 3668 2327 3728 the
2362 3668 2492 3728 Pope,
2516 3668 2605 3728 with
2641 3668 2730 3728 date
2765 3667 2807 3727 31
2842 3664 3020 3724 August,
3050 3664 3163 3724 1471,
3192 3664 3311 3724 which
3352 3664 3382 3724 is

1939 3720 2115 3780 peculiar
2146 3716 2178 3776 to
2209 3719 2273 3779 the
2310 3720 2474 3780 present
2499 3719 2593 3779 copy
2631 3716 2701 3776 and
2738 3716 2902 3776 another
2933 3716 2965 3776 in
3003 3716 3059 3776 the
3097 3716 3374 3776 Bibliothèque

1940 3772 2149 3832 Nationale
2175 3771 2319 3831 (Polain
2352 3772 2489 3832 4785).
2522 3772 2555 3832 In
2588 3772 2620 3832 it
2640 3768 2679 3828 he
2705 3768 2882 3828 remarks
2902 3764 3007 3824 (5°):
3020 3764 3059 3824 ad
3092 3765 3118 3825 te
3151 3765 3354 3825 pontificem

1940 3823 2067 3883 nouum
2123 3824 2162 3884 et
2189 3820 2390 3880 maximum
2450 3820 2595 3880 [Sixtus
2628 3816 2678 3876 IV
2717 3820 2878 3880 became
2911 3820 3016 3880 Pope
3050 3816 3088 3876 on
3133 3820 3172 3880 10
3210 3817 3382 3877 August,

1944 3880 2039 3940 1471
2079 3878 2093 3938 .
2113 3876 2127 3936 .
2148 3876 2162 3936 .
2175 3872 2440 3932 munusculum
2488 3872 2604 3932 meum
2651 3872 2760 3932 misi.
2788 3872 2964 3932 iussique
2992 3868 3066 3928 tibi
3087 3868 3216 3928 reddi.
3250 3868 3379 3928 Other

1938 3928 2071 3988 copies
2100 3924 2251 3984 contain
2291 3924 2442 3984 printed
2483 3924 2726 3984 dedications
2761 3920 2790 3980 to
2825 3921 2941 3981 other
2970 3920 3155 3980 persons,
3184 3922 3289 3982 dated
3329 3920 3370 3980 on

1942 3980 2091 4040 various
2113 3977 2208 4037 days
2230 3976 2269 4036 of
2285 3976 2340 4036 the
2369 3976 2452 4036 year
2479 3980 2590 4040 1471,
2612 3976 2668 4036 the
2690 3976 2845 4036 earliest
2862 3972 2972 4032 exact
2989 3972 3072 4032 date
3094 3972 3233 4032 known
3261 3972 3366 4032 being

1948 4032 1979 4092 15
2016 4032 2127 4092 July;
2145 4029 2177 4089 in
2208 4028 2269 4088 the
2300 4028 2516 4088 dedication
2554 4028 2591 4088 of
2615 4028 2671 4088 the
2702 4028 2795 4088 copy
2826 4024 3030 4084 presented
3067 4024 3097 4084 to
3134 4024 3215 4084 Jean
3252 4024 3382 4084 Rolin,

1945 4080 2084 4140 Bishop
2109 4080 2154 4140 of
2172 4080 2330 4140 Autun:
2349 4080 2494 4140 'idibus
2519 4080 2620 4140 iuliis
2639 4079 2709 4139 ...
2721 4076 2822 4136 anno
2847 4076 3138 4136 septuagesimo
3163 4074 3195 4134 &
3214 4076 3377 4136 quadra¬

1938 4132 2154 4192 gentesimo
2185 4132 2296 4192 supra
2327 4132 2618 4192 millesimum',
2637 4132 2692 4192 the
2717 4128 2816 4188 word
2853 4128 2933 4188 'uno
2971 4128 3038 4188 has
3064 4124 3255 4184 evidently
3279 4124 3372 4184 been

1935 4184 2099 4244 omitted
2139 4184 2241 4244 after
2275 4184 2422 4244 'anno.
2474 4184 2491 4244 A
2536 4180 2792 4240 manuscript
2825 4180 2922 4240 copy
2962 4176 3007 4236 on
3047 4177 3217 4237 vellum,
3251 4176 3376 4236 corre¬

1939 4236 2134 4296 sponding
2165 4236 2241 4296 line
2273 4236 2336 4296 for
2361 4236 2430 4296 line
2462 4232 2550 4292 with
2587 4232 2645 4292 the
2682 4232 2833 4292 printed
2872 4230 2972 4290 text,
2998 4228 3073 4288 was
3104 4228 3300 4288 dedicated
3338 4228 3369 4288 to

1942 4288 2123 4348 Charles,
2147 4286 2280 4346 Count
2304 4284 2347 4344 of
2377 4284 2534 4344 Maine,
2553 4284 2595 4344 on
2632 4284 2650 4344 1
2680 4284 2789 4344 July,
2813 4284 2928 4344 1471,
2946 4282 3061 4342 which
3091 4280 3267 4340 suggests
3297 4281 3382 4341 that

1941 4340 2000 4400 the
2030 4340 2172 4400 edition
2208 4339 2285 4399 was
2314 4340 2344 4400 in
2380 4336 2540 4396 process
2569 4336 2611 4396 of
2640 4336 2747 4396 being
2783 4336 3002 4396 completed
3038 4332 3174 4392 during
3203 4334 3263 4394 the
3293 4332 3381 4392 first

1938 4392 2139 4452 fortnight
2162 4392 2204 4452 of
2228 4391 2305 4451 this
2328 4388 2493 4448 month.

1989 4452 2248 4512 Manuscript
2273 4452 2514 4512 corrections
2540 4452 2632 4512 over
2651 4448 2830 4508 erasures
2855 4448 2917 4508 are
2941 4446 3028 4506 very
3059 4445 3275 4505 numerous
3307 4448 3368 4508 and

1940 4508 2090 4568 include
2123 4504 2137 4564 a
2169 4504 2326 4564 passage
2360 4504 2399 4564 of
2425 4504 2478 4564 six
2511 4504 2629 4564 entire
2662 4504 2760 4564 lines
2787 4504 2826 4564 at
2852 4504 2911 4564 the
2944 4500 3029 4560 foot
3055 4500 3095 4560 of
3121 4496 3187 4556 85e
3213 4500 3279 4560 and
3318 4500 3377 4560 the

1939 4560 2035 4620 head
2069 4557 2109 4617 of
2130 4556 2225 4616 85b.

1995 4630 2062 4690 On
2099 4632 2292 4692 vellum.
2337 4632 2412 4692 200
2441 4630 2456 4690 X
2493 4630 2560 4690 142
2604 4628 2716 4688 mm.
2761 4628 2857 4688 The
2895 4628 3141 4688 dedication
3185 4624 3289 4684 copy
3334 4625 3378 4685 of

1942 4696 2047 4756 Pope
2093 4692 2236 4752 Sixtus
2266 4695 2357 4755 IV,
2380 4692 2713 4752 acknowledged
2758 4691 2804 4751 by
2841 4689 2910 4749 him
2970 4688 3000 4748 in
3038 4688 3061 4748 a
3091 4688 3219 4748 letter
3249 4688 3295 4748 of
3325 4692 3370 4752 14

1938 4756 2186 4816 February,
2208 4760 2310 4820 1472
2339 4756 2405 4816 (E.
2427 4756 2654 4816 Legrand,
2676 4752 2880 4812 Cent-dix
2909 4752 3048 4812 lettres
3077 4750 3289 4810 grecques
3318 4748 3362 4808 de

1939 4820 1994 4880 F.
2010 4820 2185 4880 Filelfe,
2209 4820 2289 4880 etc.
2304 4820 2471 4880 (1892),
2495 4821 2542 4881 p.
2558 4820 2685 4880 239).
2717 4816 2780 4876 On
2812 4816 2860 4876 3a
2876 4816 2907 4876 is
2931 4816 2948 4876 a
2971 4816 3202 4876 miniature
3233 4812 3376 4872 repre¬

1940 4884 2099 4944 senting
2151 4884 2311 4944 Fichet
2344 4884 2588 4944 presenting
2638 4884 2706 4944 his
2740 4880 2850 4940 book
2900 4880 2933 4940 to
2975 4880 3052 4940 the
3093 4880 3228 4940 Pope,
3262 4876 3362 4936 with
