4288 6016
411 676 797 736 SOLINUS,
832 668 1020 728 GAIUS
1055 664 1301 724 JULIUS.
1360 664 1442 724 De
1489 657 1852 717 mirabilibus

1501 739 1855 799 *Undated.

470 760 722 820 mundi.

472 870 531 930 1b.
548 868 774 928 Lodoicus
791 860 1078 920 xantonensis
1103 857 1339 917 episcopus
1398 856 1650 916 Guillermo
1683 852 1843 912 tardiuo

403 936 643 996 aniciensi;
727 928 884 988 Lauda
904 924 957 984 et
978 924 1134 984 mirare
1165 923 1249 983 hec
1280 920 1500 980 impressa
1532 917 1762 977 volumina
1804 913 1857 973 le¬

415 1004 520 1064 ctor.
589 997 608 1057 .
637 996 656 1056 .
685 996 705 1056 .
743 988 888 1048 Ibid.,
917 988 956 1048 l.
975 985 1034 1045 7:
1062 984 1217 1044 Simon
1255 984 1565 1044 recomadoris
1595 980 1855 1040 angeriacus

414 1064 572 1124 lodoici
619 1056 917 1116 xantonensis
946 1052 1151 1112 episcopi
1170 1048 1430 1108 secretarius
1459 1048 1580 1108 Guil¬
1617 1044 1747 1104 lermo
1786 1044 1861 1104 tar¬

415 1128 512 1188 diuo
543 1124 777 1184 aniciensi;
846 1116 953 1176 Arte
984 1112 1100 1172 noua
1131 1112 1307 1172 pressos
1326 1112 1365 1172 si
1384 1110 1531 1170 cernis
1561 1108 1708 1168 mente
1738 1108 1855 1168 libel¬

748 1187 805 1247 (v.
830 1191 880 1251 7)
904 1176 1077 1236 Viuant
1109 1176 1283 1236 autores
1315 1176 1463 1236 operis
1496 1172 1685 1232 feliciter
1718 1172 1816 1232 isti.

415 1192 652 1252 los..

418 1255 496 1315 Isti
515 1248 779 1308 russangis/
798 1244 964 1304 tardiue
994 1240 1092 1300 viue
1121 1240 1288 1300 magis;
1326 1240 1394 1300 22.
1414 1238 1512 1298 Caii
1532 1238 1629 1298 iulii
1648 1236 1786 1296 solini
1805 1236 1854 1296 de

418 1316 689 1376 mirabilibus
750 1308 920 1368 mundi
940 1304 1192 1364 rubricarum
1252 1304 1422 1364 tabula;
1463 1300 1523 1360 5e.
1543 1300 1674 1360 CAII
1704 1297 1854 1357 IVLII

422 1380 631 1440 SOLINI
661 1374 731 1434 AD
780 1368 1169 1428 AD-VENTVM
1237 1364 1626 1424 POLIHISTOR
1676 1360 1855 1420 SI¬VE

420 1444 487 1504 DE
525 1441 651 1501 SITV
700 1432 874 1492 ORBIS
913 1432 980 1492 AC
1029 1430 1203 1490 MVN=
1222 1428 1300 1488 DI
1329 1424 1726 1484 MIRABILIBVS
1774 1423 1861 1483 LI¬

412 1508 556 1568 BER;
624 1504 767 1564 Clym
827 1496 869 1556 et
894 1496 1030 1556 aurium
1055 1492 1291 1552 clementia
1325 1492 1368 1552 et
1393 1492 1646 1552 optimarum
1748 1488 1876 1548 artium

415 1571 567 1631 studiis
592 1565 685 1625 ...
727 1560 845 1620 1082,
871 1560 1166 1620 COLOPHON:
1191 1556 1292 1616 Caii
1310 1556 1410 1616 iulii
1428 1556 1563 1616 solini
1588 1556 1630 1616 ad
1664 1552 1876 1612 aduentum

418 1633 644 1693 polihistor
671 1628 761 1688 siue
798 1626 843 1686 de
924 1624 1006 1684 situ
1051 1622 1168 1682 orbis
1204 1620 1249 1680 ac
1276 1620 1412 1680 mudi
1439 1619 1720 1679 mirabilibus
1747 1616 1854 1676 liber

422 1700 548 1760 finit;

470 1796 642 1856 Quarto.
677 1792 757 1852 [44;
785 1788 900 1848 a-d'0
922 1780 1007 1840 e12;
1030 1780 1122 1840 f-110
1158 1783 1230 1843 k12.
1287 1788 1360 1848 108
1395 1784 1539 1844 leaves.
1582 1784 1647 1844 72:
1668 1788 1711 1848 25
1747 1784 1861 1844 lines,

433 1852 522 1912 133X
546 1845 645 1905 86-8
677 1844 783 1904 mm.
823 1844 962 1904 Type:
995 1844 1069 1904 107
1101 1840 1199 1900 GR.
1239 1843 1403 1903 Capital
1435 1840 1590 1900 spaces,
1615 1836 1729 1896 some
1762 1836 1851 1896 with

414 1900 708 1960 guide-letters.
741 1896 844 1956 Hain
884 1897 1027 1957 14876.

473 2000 564 2060 This
591 1996 730 2056 edition
765 1994 918 2054 divides
946 1992 1009 2052 the
1036 1992 1120 2052 text
1141 1992 1183 2052 of
1204 1992 1363 2052 Solinus
1392 1992 1468 2052 into
1503 1989 1538 2049 58
1572 1988 1774 2048 chapters.

472 2096 512 2156 In
539 2096 599 2156 the
626 2092 700 2152 last
720 2092 799 2152 line
826 2092 866 2152 of
886 2091 947 2151 the
980 2088 1107 2148 verses
1133 2088 1181 2148 by
1214 2088 1494 2148 Recomadoris
1521 2084 1568 2144 on
1601 2084 1634 2144 16
1662 2084 1728 2144 the
1754 2087 1855 2147 word

436 2148 534 2208 Isti',
553 2144 831 2204 unmeaningly
861 2140 1040 2200 repeated
1071 2140 1152 2200 from
1201 2140 1262 2200 the
1287 2140 1361 2200 line
1386 2140 1546 2200 before,
1565 2139 1589 2199 is
1614 2136 1854 2196 substituted

424 2206 480 2266 for
508 2200 572 2260 the
607 2200 720 2260 name
770 2196 953 2256 'Gaspar'
981 2192 1108 2252 found
1151 2192 1179 2252 in
1221 2192 1299 2252 this
1334 2192 1447 2252 place
1482 2192 1518 2252 in
1560 2189 1623 2249 the
1666 2188 1864 2248 Tardivus

422 2256 505 2316 (IA.
532 2252 678 2312 39224,
698 2248 864 2308 above).
899 2248 1002 2308 This
1030 2244 1065 2304 is
1092 2244 1348 2304 presumably
1375 2244 1451 2304 not
1480 2244 1493 2304 a
1521 2241 1714 2301 misprint
1742 2244 1818 2304 but
1845 2244 1859 2304 à

425 2307 568 2367 clumsy
595 2302 805 2362 indication
840 2300 928 2360 that
956 2300 1112 2360 Gaspar
1139 2300 1214 2360 was
1241 2300 1288 2360 no
1315 2296 1458 2356 longer
1478 2296 1690 2356 employed
1723 2296 1765 2356 on
1799 2295 1859 2355 the

418 2358 557 2418 press.

473 2456 494 2516 A
528 2452 626 2512 copy
660 2452 702 2512 of
730 2452 806 2512 this
841 2452 938 2512 book
979 2452 1208 2512 containing
1244 2452 1258 2512 a
1285 2448 1375 2508 note
1417 2448 1459 2508 of
1487 2448 1709 2508 ownership
1750 2445 1861 2505 dated

420 2512 510 2572 1476
540 2508 570 2568 is
595 2504 768 2564 known.

490 2608 560 2668 191
575 2606 598 2666 X
630 2607 700 2667 129
731 2608 841 2668 mm.
879 2604 1176 2664 Rubricated.
1215 2604 1371 2664 Sheets
1394 2605 1465 2665 shl
1488 2605 1504 2665 3
1535 2600 1613 2660 and
1644 2602 1714 2662 shl
1730 2601 1754 2661 4
1785 2600 1855 2660 and

416 2672 555 2732 sheets
585 2672 624 2732 (k
670 2672 693 2732 5
733 2672 809 2732 and
848 2672 879 2732 (k
934 2669 957 2729 6
995 2668 1095 2728 have
1134 2668 1327 2728 changed
1366 2668 1505 2728 places
1536 2664 1590 2724 by
1621 2664 1644 2724 a
1675 2664 1868 2724 binder's

425 2736 565 2796 error.

489 2844 707 2904 Grenville
732 2844 837 2904 copy
869 2844 958 2904 (G.
975 2845 1128 2905 8940).

1601 2840 1683 2900 IA.
1708 2840 1872 2900 39222.

424 3116 1005 3176 PLUTARCHUS.
1054 3112 1139 3172 De
1187 3112 1502 3172 differentia
1550 3108 1663 3168 veri
1703 3108 1873 3168 amici

495 3196 551 3256 et
597 3196 942 3256 adulatoris.
1007 3199 1062 3259 A
1137 3196 1352 3256 partial
1398 3192 1724 3252 translation
1789 3188 1854 3248 by

1576 3272 1881 3332 Undated.

501 3276 794 3336 Guarinus
839 3276 1212 3336 Veronensis.

496 3388 548 3448 12.
574 3389 800 3449 GARINI
835 3388 1225 3448 VERONENSIS
1277 3388 1346 3448 DE
1434 3384 1858 3444 DIFFERENTIA

440 3448 570 3508 VERI
596 3452 787 3512 AMICI
857 3453 934 3513 ET
970 3450 1413 3510 ADVLATORIS;
1482 3448 1821 3508 PREFATIO;

447 3516 690 3576 PLatonem
752 3516 836 3576 viru
877 3516 1134 3576 doctissimu
1175 3512 1425 3572 eundemqe
1488 3512 1752 3572 grauissimû
1793 3512 1807 3572 .
1827 3513 1841 3573 .

433 3580 494 3640 22.
510 3580 918 3640 TRACTATVS;
972 3577 1257 3637 [MJAximos
1280 3576 1318 3636 et
1334 3576 1519 3636 prestäti
1534 3576 1704 3636 ingenio
1734 3572 1842 3632 viros

434 3644 504 3704 ...
533 3643 624 3703 192,
646 3644 858 3704 END....
879 3644 950 3704 cum
999 3644 1112 3704 abste
1147 3640 1261 3700 velut
1282 3640 1296 3700 a
1324 3640 1437 3700 fonte
1465 3640 1494 3700 id
1529 3640 1579 3700 si¬
1621 3640 1663 3700 bi
1677 3636 1875 3696 manasse

431 3705 739 3765 meminerint;
810 3704 1015 3764 FINIS;

487 3808 653 3868 Quarto.
689 3809 716 3869 Ja
744 3804 827 3864 b1°.
876 3808 918 3868 20
945 3808 1091 3868 leaves,
1112 3808 1175 3868 the
1202 3808 1272 3868 last
1293 3806 1431 3866 blank.
1466 3808 1529 3868 32:
1549 3808 1592 3868 25
1619 3804 1737 3864 lines,
1758 3804 1855 3864 132X

435 3862 524 3922 83-5
550 3860 653 3920 mm.
691 3860 833 3920 Type:
859 3861 923 3921 107
955 3860 1051 3920 GR.
1083 3860 1250 3920 Capital
1270 3860 1405 3920 spaces
1430 3860 1476 3920 on
1508 3856 1546 3916 1e
1572 3856 1643 3916 and
1675 3859 1732 3919 22.
1765 3856 1867 3916 Hain

435 3912 590 3972 13149?

484 4004 582 4064 This
602 4008 707 4068 tract
726 4008 891 4068 consists
917 4008 963 4068 of
983 4008 996 4068 a
1022 4008 1245 4068 translation
1285 4006 1324 4066 of
1344 4004 1449 4064 parts
1475 4004 1515 4064 of
1534 4004 1758 4064 Plutarch's
1784 4004 1876 4064 Hôs

426 4056 466 4116 àv
490 4058 542 4118 ris
566 4060 775 4120 daxpivete
798 4060 833 4120 o
1148 4060 1286 4120 ov,
1305 4056 1386 4116 with
1415 4056 1642 4116 occasional
1659 4056 1874 4116 amplifica¬

431 4110 530 4170 tions
553 4112 619 4172 and
653 4112 664 4172 a
691 4112 847 4172 preface
875 4112 941 4172 and
975 4110 1191 4170 postscript
1214 4108 1419 4168 addressed
1453 4108 1486 4168 to
1514 4108 1703 4168 Leonello
1730 4108 1880 4168 d'Este,

435 4164 543 4224 Duke
573 4164 615 4224 of
640 4164 802 4224 Ferrara
833 4164 954 4224 (Haec
984 4164 1063 4224 tibi
1087 4162 1274 4222 Leonelle
1304 4160 1365 4220 vir
1389 4160 1630 4220 amplissime
1666 4156 1703 4216 et
1727 4156 1787 4216 mi
1812 4158 1866 4218 rex

434 4216 711 4276 benignissime
757 4215 995 4275 munuscula
1040 4212 1284 4272 deferuntur
1324 4212 1426 4272 duce
1471 4208 1681 4268 Plutarcho
1733 4209 1874 4269 comite

440 4264 573 4324 Garino
602 4268 689 4328 tuo,
706 4268 805 4328 192).
834 4268 870 4328 It
887 4268 962 4328 was
979 4268 1171 4328 probably
1200 4264 1346 4324 printed
1374 4264 1403 4324 to
1432 4261 1671 4321 accompany
1699 4264 1885 4324 Poggius,

439 4316 632 4376 Inuectiua
666 4320 689 4380 in
729 4318 956 4378 hypocritas
979 4319 1018 4379 et
1042 4316 1257 4376 delatores,
1279 4316 1342 4376 and
1376 4316 1586 4376 Aretinus,
1609 4312 1814 4372 Inuectiua
1842 4316 1870 4376 in

435 4371 679 4431 hypocritas,
698 4368 789 4428 with
821 4372 943 4432 which
975 4371 1007 4431 it
1027 4368 1059 4428 is
1084 4368 1316 4428 sometimes
1342 4368 1477 4428 bound
1509 4368 1580 4428 (cf.
1599 4364 1735 4424 Heber
1766 4364 1882 4424 Cata-

436 4423 569 4483 logue,
590 4424 646 4484 pt.
666 4427 722 4487 ix,
743 4426 813 4486 no.
834 4428 953 4488 1321,
974 4424 1176 4484 Copinger
1204 4424 1345 4484 4803).

499 4523 612 4583 185X
642 4527 718 4587 135
748 4527 861 4587 mm.
891 4524 1102 4584 Without
1125 4524 1186 4584 the
1216 4524 1367 4584 blank.
1405 4520 1744 4580 Initial-strokes
1774 4519 1872 4579 sup-

442 4586 544 4646 plied
583 4588 614 4648 in
653 4588 833 4648 yellow.
872 4588 934 4648 On
974 4591 990 4651 a
1021 4588 1193 4648 fly-leaf
1216 4588 1247 4648 is
1279 4588 1483 4648 written:
1506 4584 1779 4644 Ellis—May
1819 4589 1889 4649 15,

440 4648 704 4708 1867—8/.

1612 4756 1697 4816 IA.
1726 4756 1887 4816 39226.

495 4762 672 4822 Bought
697 4764 729 4824 in
769 4764 1044 4824 December,
1068 4764 1197 4824 1902.

1926 656 2259 716 SENECA,
2294 656 2510 716 LUCIUS
2547 652 2870 712 ANNAEUS.
2915 652 3238 712 Epistolae.

3200 740 3344 800 1475

1978 840 2035 900 12.
2057 840 2122 900 De
2151 840 2548 900 commendacione
2620 836 2895 896 paupertatis
2924 834 3119 894 Epistola
3183 836 3378 896 ii.

1932 907 1992 967 sa.
2017 904 2197 964 LVTII
2231 902 2437 962 ANNEI
2463 900 2693 960 SENECE
2745 896 3233 956 CORDV=BENSIS
3275 898 3292 958 /
3326 897 3369 957 ad

1929 968 2136 1028 Lucillium
2196 965 2374 1025 epistole
2411 964 2620 1024 Feliciter
2650 964 2724 1024 In¬
2754 964 2954 1024 cipiunt;
3044 962 3088 1022 In
3126 964 3207 1024 hac
3237 961 3370 1021 prima

1926 1032 2099 1092 epistola
2135 1032 2336 1092 hortatur
2370 1028 2565 1088 lucillium
2655 1025 2710 1085 vt
2738 1025 2871 1085 tempus
2946 1025 3155 1085 conseruet
3224 1025 3245 1085 .
3266 1025 3287 1085 .
3308 1028 3322 1088 .

1943 1096 2059 1156 IITA
2101 1096 2201 1156 FAC
2250 1092 2325 1152 MI
2358 1092 2508 1152 Lucili
2549 1092 2706 1152 védica
2765 1088 2806 1148 te
2831 1092 2931 1152 tibi.
2964 1089 3047 1149 ...
3080 1088 3213 1148 2026,
3230 1084 3379 1144 CoLo¬

1920 1160 2080 1220 PHON:
2100 1157 2358 1217 Expliciunt
2379 1156 2566 1216 Epistole
2594 1156 2705 1216 Sene
2740 1156 2775 1216 ce
2802 1156 2844 1216 ad
2879 1152 3129 1212 Lucilium.
3157 1152 3379 1212 Impresse

1922 1220 2113 1280 Parisius
2185 1220 2312 1280 Anno
2351 1220 2526 1280 domini
2549 1216 3019 1276 M.CCCC.Lxx.[v.)
3058 1218 3185 1278 2032.
3209 1212 3376 1272 Ieroni¬

1920 1285 2024 1345 mus
2059 1288 2093 1348 in
2128 1284 2239 1344 libro
2281 1284 2329 1344 de
2364 1284 2468 1344 viris
2502 1281 2752 1341 illustribus
2787 1281 2842 1341 sic
2926 1280 2981 1340 de
3015 1280 3169 1340 seneca
3203 1276 3383 1336 scribit;

1928 1351 2062 1411 Ibid.,
2090 1352 2118 1412 l.
2146 1352 2224 1412 14:
2252 1348 2484 1408 Incipiunt
2513 1348 2690 1408 epistole
2725 1344 2873 1404 senece
2915 1344 2958 1404 ad
2993 1344 3134 1404 paulum
3162 1340 3388 1400 apostolum.

1905 1412 1961 1472 t
1961 1418 2039 1478 <space>
2039 1417 2060 1477 p
2060 1415 2088 1475 a
2088 1413 2117 1473 u
2117 1412 2152 1472 l
2152 1412 2166 1472 i
2166 1412 2194 1472 <space>
2194 1412 2208 1472 a
2208 1412 2237 1472 d
2237 1412 2273 1472 <space>
2273 1412 2294 1472 s
2294 1412 2315 1472 e
2315 1412 2344 1472 n
2344 1412 2379 1472 e
2379 1412 2400 1472 c
2400 1412 2428 1472 a
2428 1412 2457 1472 .
2457 1412 2499 1472 <space>
2499 1412 2520 1472 S
2520 1412 2549 1472 e
2549 1412 2577 1472 n
2577 1412 2613 1472 e
2613 1412 2634 1472 c
2634 1412 2663 1472 a
2663 1411 2698 1471 <space>
2698 1409 2719 1469 p
2719 1408 2747 1468 a
2747 1408 2776 1468 u
2776 1408 2811 1468 l
2811 1408 2825 1468 o
2825 1408 2861 1468 <space>
2861 1408 2882 1468 s
2882 1408 2903 1468 a
2903 1407 2931 1467 l
2931 1406 2945 1466 u
2945 1404 2981 1464 t
2981 1407 3003 1467 e
3003 1410 3031 1470 ;
3031 1415 3137 1475 .
3137 1408 3158 1468 <space>
3158 1408 3180 1468 .
3180 1408 3201 1468 <space>
3201 1408 3222 1468 .
3222 1408 3264 1468 <space>
3264 1407 3278 1467 2
3278 1406 3307 1466 0
3307 1404 3343 1464 7
3343 1405 3371 1465 2
3371 1407 3385 1467 .
3385 1408 3393 1468 <space>

2698 1479 2770 1539 (v.
2794 1472 2851 1532 6)
2874 1472 3026 1532 Nanque
3059 1472 3227 1532 animam
3291 1468 3379 1528 celo

1927 1476 2198 1536 Epitaphium
2263 1476 2460 1536 Senece;

1928 1540 2156 1600 reddimus
2220 1540 2320 1600 ossa
2349 1540 2463 1600 tibi;

1983 1632 2153 1692 Quarto.
2179 1632 2272 1692 44;
2291 1625 2403 1685 a-o1°
2429 1632 2501 1692 p8;
2520 1624 2664 1684 q-u1°;
2678 1620 2743 1680 x++
2836 1628 2907 1688 207
2933 1628 3078 1688 leaves.
3111 1624 3176 1684 6:
3196 1624 3241 1684 25
3268 1624 3387 1684 lines,

1925 1685 2027 1745 133X
2058 1684 2153 1744 86-8
2179 1684 2286 1744 mm.
2312 1684 2457 1744 Type:
2476 1682 2540 1742 107
2571 1683 2666 1743 GR.
2698 1680 2863 1740 Capital
2876 1680 3034 1740 spaces.
3066 1676 3211 1736 Spaces
3237 1676 3307 1736 left
3325 1676 3382 1736 for

1931 1736 2082 1796 Greek.
2118 1736 2221 1796 Hain
2257 1738 2402 1798 14600.

1983 1820 2066 1880 The
2098 1824 2201 1884 body
2239 1820 2285 1880 of
2310 1820 2387 1880 this
2412 1820 2515 1880 book
2554 1820 2773 1880 comprises
2804 1816 2843 1876 88
2881 1816 2927 1876 or
2952 1816 2997 1876 89
3035 1816 3189 1876 letters,
3215 1816 3273 1876 the
3312 1816 3382 1876 last

1925 1876 2100 1936 ending:
2124 1876 2136 1936 .
2161 1876 2215 1936 ..
2239 1876 2312 1936 qui
2336 1872 2379 1932 ne
2415 1873 2488 1933 hoc
2518 1872 2664 1932 quidem
2718 1868 2833 1928 nobis
2863 1868 3087 1928 reliquerût
3112 1868 3239 1928 nichil
3263 1868 3385 1928 scire.

1931 1927 2042 1987 Vale.
2075 1928 2225 1988 Printed
2258 1926 2503 1986 numeration
2536 1924 2564 1984 is
2586 1924 2747 1984 omitted
2780 1924 2802 1984 in
2836 1922 2897 1982 the
2919 1920 3003 1980 case
3030 1920 3070 1980 of
3086 1920 3219 1980 letters
3241 1920 3386 1980 61-76,

1932 1980 2137 2040 contained
2175 1980 2201 2040 in
2233 1980 2367 2040 quires
2393 1982 2522 2042 [l-p).

1990 2064 2066 2124 The
2099 2064 2383 2124 arrangement
2408 2064 2446 2124 of
2472 2061 2537 2121 the
2569 2060 2665 2120 table
2698 2060 2730 2120 is
2755 2060 2961 2120 explained
2994 2060 3039 2120 on
3077 2060 3116 2120 4°
3142 2059 3180 2119 as
3207 2056 3394 2116 follows:

1934 2116 2058 2176 Primo
2094 2116 2305 2176 ponuntur
2329 2116 2441 2176 tituli
2465 2116 2509 2176 de
2540 2112 2688 2172 quibus
2719 2112 2849 2172 agitur
2880 2112 2911 2172 in
2948 2112 3127 2172 epistolis
3158 2108 3387 2168 praedictis.

1933 2168 2112 2228 Secundo
2159 2168 2356 2228 numerus
2402 2164 2692 2224 epistolarum.
2744 2164 2877 2224 Tertio
2930 2164 3121 2224 numerus
3167 2160 3358 2220 titulorum

1927 2222 2159 2282 designatus
2188 2220 2260 2280 per
2283 2220 2431 2280 litteras
2461 2220 2668 2280 alphabeti
2692 2216 2752 2276 ibi
2775 2216 2941 2276 positas.
2977 2216 3030 2276 sic
3060 2216 3161 2276 quod
3197 2212 3321 2272 littera
3351 2216 3368 2276 A

1933 2272 2116 2332 designat
2142 2272 2247 2332 locum
2305 2272 2430 2332 primi
2449 2272 2574 2332 tituli.
2614 2270 2633 2330 B
2672 2268 2784 2328 locum
2836 2266 3026 2326 secundi,
3052 2268 3124 2328 &c.
3164 2268 3249 2328 The
3282 2264 3380 2324 table

1936 2324 2096 2384 consists
2127 2324 2164 2384 of
2188 2324 2201 2384 a
2232 2324 2405 2384 number
2429 2320 2473 2380 of
2492 2320 2887 2380 subject-headings,
2911 2320 2998 2380 each
3029 2317 3208 2377 followed
3245 2316 3288 2376 by
3319 2316 3380 2376 the

1931 2378 2121 2438 numbers
2144 2376 2186 2436 of
2209 2376 2263 2436 the
2293 2376 2423 2436 letters
2447 2376 2571 2436 which
2601 2372 2702 2432 treat
2719 2372 2761 2432 of
2778 2372 2826 2432 it,
2844 2372 3022 2432 together
3045 2368 3135 2428 with
3164 2368 3223 2428 the
3247 2368 3383 2428 letters

1935 2432 2050 2492 A-T,
2070 2428 2301 2488 sometimes
2327 2428 2539 2488 repeated,
2558 2428 2597 2488 at
2616 2428 2822 2488 intervals,
2848 2425 2905 2485 the
2931 2424 3105 2484 purpose
3137 2424 3176 2484 of
3202 2424 3324 2484 which
3356 2421 3381 2481 is

1930 2484 2003 2544 not
2027 2484 2154 2544 clear.

1992 2568 2069 2628 The
2102 2572 2185 2632 text
2204 2571 2353 2631 proper
2378 2568 2410 2628 to
2443 2566 2481 2626 3e
2501 2564 2532 2624 is
2559 2566 2629 2626 not
2648 2564 2803 2624 printed
2835 2564 2906 2624 out
2932 2564 2958 2624 in
2990 2561 3067 2621 this
3093 2564 3215 2624 copy.

1993 2652 2071 2712 The
2097 2653 2228 2713 gothic
2248 2652 2373 2712 forms
2399 2652 2438 2712 of
2451 2652 2471 2712 d
2498 2652 2563 2712 and
2595 2652 2608 2712 g
2635 2652 2720 2712 first
2739 2652 2884 2712 appear
2911 2652 2937 2712 in
2963 2652 3074 2712 quire
3100 2652 3160 2712 (I),
3179 2648 3251 2708 but
3271 2648 3376 2708 tailed

1931 2711 1946 2771 h
1983 2708 2076 2768 does
2102 2708 2175 2768 not
2201 2708 2341 2768 occur.

1995 2797 2116 2857 190X
2148 2803 2221 2863 137
2253 2796 2374 2856 mm.
2415 2796 2536 2856 Fully
2576 2796 2852 2856 rubricated.
2893 2794 2989 2854 The
3030 2792 3111 2852 last
3135 2792 3321 2852 symbol
3345 2792 3393 2852 of

1937 2864 2000 2924 the
2035 2864 2120 2924 date
2155 2864 2197 2924 of
2219 2860 2409 2920 printing
2444 2860 2515 2920 has
2543 2860 2641 2920 been
2670 2860 2818 2920 erased
2853 2857 2923 2917 and
2959 2856 3008 2916 its
3036 2855 3149 2915 place
3177 2854 3297 2914 taken
3332 2856 3374 2916 by

1935 2928 1949 2988 a
1979 2924 2150 2984 flourish
2180 2924 2217 2984 in
2247 2924 2314 2984 red
2344 2924 2441 2984 ink.
2478 2924 2538 2984 On
2575 2924 2590 2984 a
2612 2920 2784 2980 fly-leaf
2806 2924 2835 2984 is
2857 2920 3006 2980 pasted
3037 2920 3051 2980 a
3081 2916 3244 2976 cutting
3274 2917 3356 2977 from

1934 2988 1977 3048 an
2012 2988 2120 3048 early
2149 2988 2437 3048 bookseller's
2466 2988 2711 3048 catalogue,
2732 2984 2869 3044 giving
2905 2984 2969 3044 the
2998 2980 3113 3040 price
3142 2980 3185 3040 as
3221 2980 3308 3040 /2.
3322 2981 3393 3041 28.

1934 3052 2008 3112 and
2046 3052 2328 3112 remarking:
2359 3052 2478 3112 This
2507 3049 2537 3109 is
2560 3048 2626 3108 the
2657 3048 2835 3108 curious
2857 3044 2961 3104 copy
2991 3043 3215 3103 described
3251 3044 3281 3104 in
3319 3044 3385 3104 the

1938 3116 2206 3176 Bibliotheca
2235 3112 2555 3172 Spenceriana,
2570 3112 2615 3172 as
2637 3112 2793 3172 having
2822 3108 3031 3168 belonged
3061 3107 3098 3167 to
3128 3108 3239 3168 Lord
3269 3107 3380 3167 Har-

1937 3180 1998 3240 ley
2037 3180 2121 3240 and
2167 3180 2251 3240 Dr.
2290 3177 2528 3237 Chauncy,
2559 3176 2636 3236 and
2682 3174 2721 3234 is
2759 3172 2828 3232 the
2867 3168 3082 3228 identical
3120 3171 3197 3231 one
3243 3172 3374 3232 which

1941 3240 2138 3300 deceived
2173 3240 2391 3300 Maittaire
2420 3240 2497 3300 scf.
2518 3240 2582 3300 his
2610 3236 2800 3296 Annales
2821 3236 3152 3296 typographici,
3173 3232 3244 3292 ed.
3265 3232 3385 3292 nov.,

1940 3311 1989 3371 p.
2006 3308 2131 3368 296),
2155 3305 2188 3365 it
2205 3304 2362 3364 having
2395 3304 2461 3364 the
2495 3302 2553 3362 V.
2577 3300 2619 3360 at
2635 3300 2710 3360 the
2735 3300 2817 3360 end
2851 3299 2893 3359 of
2917 3296 2983 3356 the
3016 3296 3108 3356 date
3141 3296 3315 3356 erased,
3340 3296 3373 3356 so

1941 3372 2033 3432 that
2048 3369 2077 3429 it
2099 3368 2278 3428 appears
2306 3368 2450 3428 1470.'
2478 3364 2565 3424 Red
2593 3364 2816 3424 morocco,
2830 3364 3024 3424 stamped
3052 3360 3146 3420 with
3175 3360 3246 3420 the
3268 3360 3382 3420 arms

1937 3434 1985 3494 of
2006 3432 2076 3492 the
2103 3432 2264 3492 second
2298 3432 2402 3492 Earl
2423 3428 2638 3488 Spencer.

3116 3524 3204 3584 IA.
3230 3524 3398 3584 39228.

2005 3532 2230 3592 Grenville
2255 3531 2368 3591 copy
2393 3532 2480 3592 (G.
2497 3532 2652 3592 9277).

3086 3836 3392 3896 Undated.

1943 3840 2469 3900 BERNARDUS.
2518 3836 2966 3896 Meditationes.

2006 3940 2067 4000 12.
2086 3940 2413 4000 INCIPIVNT
2457 3939 2856 3999 MEDITACIO-
2882 3936 2998 3996 NES
3034 3934 3220 3994 BEATI
3255 3932 3389 3992 BER¬

1943 4004 2176 4064 NARDI;
2248 4000 2514 4060 MIVLTI
2546 4000 2755 4060 MVLTA
2803 4000 2948 4060 sciunt
2980 3996 3020 4056 et
3053 3997 3189 4057 semet
3262 3997 3382 4057 ipsos

1947 4068 2115 4128 nesciut
2137 4072 2221 4132 ...
2256 4069 2348 4129 262,
2376 4064 2664 4124 COLOPHON:
2686 4064 2911 4124 Expliciunt
2932 4060 3249 4120 meditaciones
3277 4060 3390 4120 beati

1947 4132 2155 4192 bernardi
2215 4132 2281 4192 seu
2319 4132 2430 4192 liber
2453 4132 2505 4192 de
2534 4128 2847 4188 contemplaconne;
2877 4128 2959 4188 Deo
2996 4124 3189 4184 gracias;

2007 4223 2172 4283 Quarto.
2210 4220 2286 4280 Ja1°
2308 4216 2323 4276 b
2361 4220 2437 4280 c8.)
2474 4220 2513 4280 26
2550 4216 2694 4276 leaves.
2731 4216 2800 4276 22:
2815 4216 2860 4276 25
2891 4216 3011 4276 lines,
3034 4216 3139 4276 133X
3163 4212 3260 4272 87-8
3291 4216 3396 4276 mm.

1957 4277 2086 4337 Type:
2107 4276 2175 4336 107
2202 4276 2298 4336 GR.
2333 4272 2497 4332 Capital
2517 4272 2674 4332 spaces.
2708 4268 3029 4328 Gesamtkatalog
3063 4271 3179 4331 4024.

2007 4360 2082 4420 The
2107 4360 2277 4420 number
2296 4360 2334 4420 of
2353 4358 2447 4418 lines
2473 4356 2504 4416 to
2529 4356 2586 4416 the
2611 4356 2705 4416 page
2730 4356 2755 4416 is
2781 4356 2819 4416 24
2844 4356 2882 4416 on
2913 4354 2970 4414 the
2995 4352 3070 4412 two
3089 4352 3240 4412 inmost
3260 4352 3385 4412 sheets

1946 4412 1986 4472 of
2012 4412 2118 4472 quire
2152 4416 2225 4476 Jal,
2245 4412 2292 4472 21
2318 4412 2359 4472 on
2399 4412 2458 4472 the
2491 4412 2645 4472 inmost
2665 4408 2831 4468 opening
2871 4408 2911 4468 of
2931 4407 3045 4467 quire
3071 4408 3151 4468 b),
3171 4405 3238 4465 and
3271 4407 3304 4467 24
3337 4405 3377 4465 on

1949 4460 2061 4520 2b-6b
2093 4462 2134 4522 of
2153 4464 2264 4524 quire
2291 4466 2369 4526 [c).

2003 4548 2038 4608 In
2066 4549 2144 4609 this
2172 4552 2236 4612 and
2271 4549 2327 4609 the
2356 4548 2447 4608 four
2469 4548 2666 4608 following
2695 4547 2815 4607 books
2836 4544 2927 4604 both
2956 4544 3083 4604 forms
3104 4544 3139 4604 of
3160 4544 3203 4604 d,
3217 4544 3259 4604 g,
3274 4544 3345 4604 and
3366 4545 3380 4605 h

1949 4604 2009 4664 are
2039 4601 2190 4661 found.

2006 4693 2084 4753 209
2112 4692 2129 4752 X
2164 4692 2234 4752 139
2270 4692 2384 4752 mm.
2428 4692 2560 4752 Fully
2595 4688 2877 4748 rubricated.
2922 4684 3212 4744 Manuscript
3247 4684 3388 4744 catch¬

1953 4756 2060 4816 word
2095 4756 2139 4816 at
2166 4756 2237 4816 end
2273 4760 2327 4820 of
2344 4756 2468 4816 quire
2504 4760 2584 4820 [b).

3115 4848 3209 4908 IA.
3230 4850 3397 4910 39230.

2007 4854 2188 4914 Bought
2204 4856 2246 4916 in
2278 4856 2410 4916 June,
2434 4857 2565 4917 1845.
