4288 6016
443 664 752 724 MAGNI,
771 660 1062 720 JACOBUS.
1109 656 1568 716 Sophologium.

1416 730 1479 790 *1
1511 740 1690 800 June,
1722 746 1890 806 1475.

492 820 555 880 1a.
569 820 779 880 Sequitur
799 816 940 876 tabula
968 816 1219 876 capitulorum
1240 820 1520 880 Sophologij.
1548 821 1611 881 42.
1632 816 1898 876 Doctissimi

432 888 522 948 atque
558 884 927 944 excellentissimi
970 880 1123 940 patris.
1192 880 1332 940 sacrau
1395 880 1555 940 litterau
1688 880 1883 940 doctoris

439 947 731 1007 deuotissimi.
786 944 939 1004 fratris
987 944 1133 1004 iacobi
1175 944 1349 1004 magni.
1418 944 1640 1004 religionis
1745 944 1890 1004 fratrum

445 1012 791 1072 Heremitarum.
860 1004 1006 1064 sancti
1054 1007 1289 1067 augustini
1337 1008 1601 1068 sophologiü
1670 1009 1704 1069 in
1753 1008 1891 1068 cipit.

445 1080 577 1140 Cuius
604 1072 858 1132 principalis
884 1068 1064 1128 intentio
1104 1069 1165 1129 est
1191 1068 1398 1128 inducere
1431 1072 1611 1132 legentis
1677 1072 1857 1132 animum

441 1143 481 1203 ad
534 1136 741 1196 sapientie
794 1132 1015 1192 amorem.
1075 1132 1215 1192 Ibid.,
1256 1133 1289 1193 l.
1336 1136 1416 1196 20:
1456 1134 1663 1194 Capitulü
1723 1136 1890 1196 primû.

450 1201 636 1261 Qualiter
665 1197 784 1257 sapia
822 1196 970 1256 reddit
1000 1196 1119 1256 hoies
1156 1196 1327 1256 felices.
1417 1196 1595 1256 DIIcit
1624 1196 1884 1256 Aristoteles

444 1266 604 1326 decimo
644 1260 811 1320 ethicou
998 1260 1045 1320 hö
1144 1260 1291 1320 sapies
1331 1260 1525 1320 maxime
1565 1260 1665 1320 felix
1712 1260 1732 1320 e
1772 1262 1792 1322 .
1818 1267 1838 1327 .

432 1326 551 1386 2172,
579 1324 871 1384 COLOPHON:
900 1324 1053 1384 Iacobi
1081 1324 1235 1384 magni
1262 1324 1534 1384 sophologium
1563 1324 1660 1384 finit
1688 1324 1890 1384 feliciter.

439 1392 554 1452 217b.
582 1389 862 1449 Epigramma
903 1388 950 1448 ad
992 1388 1121 1448 huius
1155 1388 1298 1448 operis
1339 1388 1667 1448 cospectorem.
1763 1388 1878 1448 Istuc

444 1456 571 1516 clarou
609 1452 832 1512 otendunt
870 1448 1073 1508 dogmata
1111 1448 1315 1508 patrum.

1402 1454 1490 1514 ...
1561 1455 1625 1515 (v.
1658 1452 1729 1512 10)
1753 1452 1873 1512 Mille

443 1516 762 1576 voluminibus.
803 1512 1025 1572 clauditur
1060 1512 1143 1572 hoc
1178 1514 1330 1574 opere.
1421 1516 1545 1576 Vale.
1621 1516 1893 1576 (PRINTERS'

445 1580 743 1640 COLOPHON:)
784 1577 913 1637 Anno
967 1576 1144 1636 domini
1185 1578 1586 1638 Mille.cccc.lxxv.
1620 1580 1687 1640 die
1742 1580 1878 1640 prima

439 1644 595 1704 mensis
616 1644 752 1704 Iunij.
799 1640 1059 1700 mpressum
1107 1640 1188 1700 fuit
1208 1640 1318 1700 istud
1345 1641 1652 1701 Sophologium
1699 1642 1883 1702 Parisius

438 1708 507 1768 per
542 1704 786 1764 Martilnum
849 1704 1015 1764 crantz.
1064 1704 1266 1764 Vdalricü
1307 1706 1481 1766 gering.
1523 1708 1578 1768 Et
1613 1708 1856 1768 Michaelem

439 1772 681 1832 friburger.

486 1839 616 1899 Folio.
653 1831 808 1891 [a-o1°;
827 1829 944 1889 p-x10
975 1830 1037 1890 y8.
1093 1836 1161 1896 218
1199 1836 1347 1896 leaves,
1372 1836 1434 1896 the
1465 1836 1539 1896 last
1564 1836 1706 1896 blank.
1744 1838 1812 1898 82:
1836 1843 1879 1903 32

436 1892 547 1952 lines,
587 1888 692 1948 183X
721 1884 866 1944 110-12
913 1888 1023 1948 mm.
1076 1888 1221 1948 Type:
1262 1892 1332 1952 114
1384 1890 1478 1950 SG.
1530 1892 1693 1952 Capital
1728 1892 1886 1952 spaces.

436 1944 532 2004 Hain
579 1944 730 2004 10477.

487 2004 503 2064 A
540 2004 636 2064 close
667 2000 816 2060 reprint
842 2000 879 2060 of
901 2000 959 2060 the
990 2000 1091 2060 same
1118 2004 1240 2064 firm's
1266 2004 1409 2064 edition
1446 2004 1531 2064 'sine
1563 2004 1674 2064 nota'
1690 2004 1870 2064 executed

442 2054 519 2114 with
548 2056 649 2116 their
667 2052 749 2112 first
773 2056 856 2116 type
880 2056 993 2116 (Hain
1028 2059 1170 2119 10473,
1194 2056 1354 2116 Claudin
1383 2057 1483 2117 xxi),
1501 2058 1584 2118 with
1614 2056 1673 2116 the
1702 2060 1868 2120 addition

441 2110 479 2170 of
501 2108 512 2168 a
539 2108 726 2168 printers'
749 2108 974 2168 colophon.

489 2170 568 2230 The
605 2168 801 2228 sequence
844 2168 886 2228 of
918 2168 1172 2228 watermarks
1209 2171 1394 2231 suggests
1431 2172 1516 2232 that
1548 2172 1627 2232 this
1664 2172 1760 2232 book
1802 2172 1876 2232 was

438 2223 580 2283 printed
613 2220 650 2280 on
681 2220 718 2280 at
739 2220 835 2280 least
856 2220 925 2280 two
956 2220 1131 2280 presses,
1147 2224 1205 2284 the
1232 2224 1375 2284 second
1407 2224 1443 2284 of
1465 2224 1587 2284 which
1618 2224 1692 2284 was
1719 2226 1877 2286 respon-

437 2274 529 2334 sible
553 2274 615 2334 for
633 2272 768 2332 quires
793 2276 928 2336 Ip-yl.

498 2343 570 2403 297
597 2340 610 2400 X
636 2340 715 2400 211
741 2340 859 2400 mm.
899 2341 1102 2401 Without
1122 2344 1188 2404 the
1221 2344 1371 2404 blank.
1411 2344 1503 2404 The
1536 2346 1707 2406 volume
1739 2348 1818 2408 was
1845 2348 1884 2408 at

434 2405 508 2465 one
539 2404 632 2464 time
669 2404 762 2464 used
799 2404 842 2464 as
873 2404 885 2464 a
917 2404 1072 2464 hortus
1102 2408 1263 2468 siccus,
1288 2408 1362 2468 and
1400 2408 1412 2468 a
1449 2409 1634 2469 number
1665 2411 1708 2471 of
1734 2412 1875 2472 plant¬

429 2468 578 2528 names
613 2468 647 2528 in
701 2468 817 2528 Latin
865 2468 947 2528 and
994 2472 1172 2532 English
1212 2470 1281 2530 are
1328 2472 1492 2532 written
1539 2472 1574 2532 in
1622 2473 1689 2533 the
1738 2476 1880 2536 upper

437 2532 623 2592 margins
655 2532 694 2592 in
739 2532 758 2592 a
797 2532 1227 2592 sixteenth-century
1272 2536 1413 2596 hand.
1458 2536 1682 2596 Formerly
1721 2540 1869 2600 bound

441 2596 530 2656 with
567 2596 649 2656 IB.
671 2596 806 2656 39061
836 2596 1044 2656 (below).

496 2668 597 2728 From
648 2672 719 2732 the
749 2672 828 2732 Old
864 2672 1073 2732 Library.

1611 2675 1698 2735 IB.
1714 2680 1879 2740 39055.

437 2844 693 2904 Another
728 2848 905 2908 copy.

486 2916 523 2976 In
554 2916 627 2976 this
658 2916 751 2976 copy
782 2920 843 2980 the
875 2920 961 2980 text
985 2920 1127 2980 proper
1158 2924 1189 2984 to
1220 2923 1337 2983 pages
1368 2923 1429 2983 922
1460 2923 1528 2983 and
1559 2920 1627 2980 99b
1651 2924 1732 2984 (the
1763 2924 1873 2984 outer

436 2968 510 3028 side
536 2968 577 3028 of
597 2968 711 3028 sheet
731 2969 791 3029 [k]
811 2972 851 3032 2)
871 2972 904 3032 is
932 2972 1112 3032 repeated
1138 2972 1186 3032 on
1219 2972 1333 3032 pages
1359 2972 1427 3032 952
1453 2972 1521 3032 and
1554 2972 1627 3032 96°
1654 2976 1734 3036 (the
1768 2976 1874 3036 outer

425 3018 507 3078 side
535 3020 569 3080 of
589 3020 706 3080 sheet
727 3024 788 3084 (k)
802 3024 850 3084 5)
870 3024 1152 3084 respectively,
1172 3025 1213 3085 by
1247 3027 1282 3087 an
1316 3024 1425 3084 error
1446 3024 1487 3084 of
1508 3028 1761 3088 imposition.

489 3085 564 3145 288
595 3087 610 3147 x
633 3088 709 3148 208
746 3092 867 3152 mm.
905 3090 1117 3150 Without
1139 3092 1215 3152 the
1245 3096 1404 3156 blank.
1442 3096 1571 3156 Fully
1608 3096 1880 3156 rubricated.

438 3148 539 3208 With
578 3152 648 3212 the
679 3152 773 3212 note
812 3152 858 3212 of
883 3156 1124 3216 ownership
1164 3157 1210 3217 of
1241 3157 1280 3217 J.
1304 3159 1366 3219 V.
1382 3160 1545 3220 Hand,
1569 3160 1701 3220 1835.
1741 3160 1873 3220 Eigh-

428 3212 783 3272 teenth-century
817 3215 978 3275 French
1021 3220 1088 3280 red
1122 3220 1351 3280 morocco.
1393 3224 1553 3284 Quires
1578 3224 1622 3284 Im
1689 3224 1774 3284 and
1807 3229 1875 3289 Inl

432 3276 530 3336 have
560 3280 748 3340 changed
785 3283 928 3343 places
959 3284 1011 3344 by
1041 3284 1057 3344 a
1086 3284 1290 3344 binder's
1312 3284 1455 3344 error.

493 3352 711 3412 Grenville
746 3356 851 3416 copy
877 3356 964 3416 (G.
981 3358 1138 3418 8982).

1560 3361 1643 3421 IB.
1668 3364 1802 3424 39056
1835 3361 1876 3421 b.

433 3528 686 3588 Another
724 3532 901 3592 copy.

487 3608 560 3668 254
591 3604 606 3664 X
635 3608 710 3668 193
747 3609 858 3669 mm.
903 3610 1111 3670 Without
1134 3612 1208 3672 the
1238 3612 1394 3672 blank.
1438 3612 1632 3672 Capitals
1670 3616 1862 3676 supplied

423 3664 462 3724 in
501 3668 572 3728 two
611 3672 806 3732 colours,
837 3676 1073 3736 paragraph
1112 3676 1260 3736 marks
1293 3676 1324 3736 in
1370 3676 1434 3736 red
1480 3676 1527 3736 or
1550 3676 1684 3736 blue.
1723 3680 1786 3740 On
1825 3684 1848 3744 4

417 3732 452 3792 is
481 3732 545 3792 the
575 3736 833 3796 signature:
854 3738 1040 3798 Joannes
1070 3740 1291 3800 penyton.

476 3807 592 3867 King
627 3811 797 3871 George
832 3812 939 3872 III's
976 3812 1074 3872 copy
1109 3816 1190 3876 (C.
1207 3816 1251 3876 9.
1270 3816 1323 3876 b.
1341 3820 1439 3880 11).

1559 3814 1646 3874 IB.
1667 3820 1808 3880 39056
1840 3819 1884 3879 a.

437 3980 886 4040 RODERICUS
952 3984 1270 4044 [SANCIUSI
1313 3984 1884 4044 ZAMORENSIS.

500 4064 776 4124 Speculum
851 4064 985 4124 vitae
1027 4068 1344 4128 humanae.

1320 4133 1376 4193 *1
1409 4148 1670 4208 August,
1705 4158 1875 4218 1475.

479 4220 544 4280 22.
566 4220 625 4280 Ad
661 4224 939 4284 sanctissimu
976 4224 1019 4284 et
1041 4224 1297 4284 beatissimu
1333 4228 1487 4288 dnm/
1508 4225 1684 4285 dominu
1728 4228 1852 4288 Paulu

419 4276 508 4336 secu
567 4284 657 4344 dum
709 4286 917 4346 pontificem
939 4288 1155 4348 maximum.
1199 4288 1311 4348 liber
1340 4288 1497 4348 incipit
1519 4292 1660 4352 dictus
1697 4290 1860 4350 Specu¬

423 4341 490 4401 lum
550 4345 604 4405 hu
649 4348 785 4408 mane
822 4349 906 4409 vite
951 4355 966 4415 .
996 4353 1011 4413 .
1041 4353 1056 4413 .
1109 4352 1260 4412 Editus
1298 4352 1320 4412 a
1358 4352 1577 4412 Rodorico
1615 4352 1871 4412 zamorensi

426 4408 626 4468 episcopo
671 4409 716 4469 et
753 4412 901 4472 postea
997 4416 1279 4476 calagaritano
1376 4416 1561 4476 hispano
1658 4416 1836 4476 eiusdem

427 4472 661 4532 sanctitatis
699 4475 736 4535 in
790 4475 925 4535 castro
979 4476 1054 4536 suo
1152 4476 1304 4536 sancti
1341 4477 1492 4537 angeli
1530 4478 1794 4538 castellano;

438 4536 765 4596 SAnctissimo
795 4540 832 4600 ac
862 4540 1197 4600 clementissimo
1226 4540 1256 4600 in
1285 4540 1442 4600 christo
1472 4540 1591 4600 patri
1605 4540 1680 4600 do¬
1710 4543 1821 4603 mino

423 4593 599 4653 domino
637 4600 768 4660 Paulo
798 4600 959 4660 secundo
997 4604 1012 4664 .
1035 4604 1058 4664 .
1082 4604 1097 4664 .
1143 4604 1266 4664 1376.
1296 4604 1573 4664 Epigramma
1611 4604 1641 4664 in
1679 4604 1833 4664 laudem

428 4660 599 4720 actoris.
654 4664 810 4724 Edidit
834 4664 912 4724 hoc
936 4664 1077 4724 lingue
1108 4664 1342 4724 clarissima
1374 4668 1514 4728 norma
1545 4669 1866 4729 latine..

428 4720 560 4780 Ibid.,
580 4724 871 4784 COLOPHON:
892 4728 1148 4788 Impressum
1203 4728 1383 4788 Parisius
1411 4732 1522 4792 anno
1556 4732 1633 4792 dni
1660 4732 1869 4792 .M.cccc.

419 4784 540 4844 Ixxv.
561 4788 626 4848 die
669 4788 806 4848 prima
877 4792 1049 4852 mensis
1086 4792 1293 4852 Augusti.
1343 4792 1423 4852 per
1458 4792 1652 4852 Martinu
1694 4796 1866 4856 crantz.

432 4852 810 4912 Vdalricügering.
868 4856 917 4916 et
941 4856 1189 4916 Michaelem
1238 4856 1484 4916 friburger.

1695 4856 1853 4916 LAVS

1946 644 2098 704 DEO.
2138 644 2257 704 1392.
2289 644 2577 704 Repertorium
2633 648 2713 708 siue
2745 648 2888 708 tabula
2921 648 2992 708 per
3016 652 3368 712 alphabetum..

1961 708 2076 768 1422,
2112 708 2400 768 COLOPHON:
2436 711 2559 771 Finis
2587 712 2681 772 felix
2725 712 2818 772 atque
2839 712 3020 772 optatus
3056 712 3171 772 illius
3200 716 3351 776 breuis

1954 772 2097 832 tabule
2126 772 2212 832 siue
2241 772 2471 832 repertorij
2500 776 2536 836 pr
2558 776 2881 836 alphabetum/
2938 780 2968 840 in
3004 780 3226 840 presentem
3276 780 3384 840 liba.

1952 836 2158 896 speculum
2217 836 2404 896 humane
2475 838 2559 898 vite
2591 840 2927 900 nuncupatum.

2008 908 2140 968 Folio.
2175 912 2300 972 [a-gl0
2321 911 2398 971 h°;
2419 908 2523 968 i-n1°
2544 905 2627 965 o12;
2641 908 2718 968 #4.1
2759 916 2829 976 142
2857 913 3002 973 leaves,
3024 916 3044 976 1
3072 916 3142 976 and
3176 919 3239 979 138
3274 916 3406 976 blank.

1952 964 2015 1024 32:
2034 964 2077 1024 32
2103 964 2223 1024 lines,
2248 965 2342 1025 184X
2380 964 2525 1024 112-14
2550 965 2657 1025 mm.
2689 968 2827 1028 Type:
2852 968 2916 1028 114
2947 968 3035 1028 SG.
3067 972 3231 1032 Capital
3250 972 3400 1032 spaces.

1956 1012 2051 1072 Hain
2093 1020 2241 1080 13945.

2000 1084 2079 1144 297
2108 1084 2223 1144 X212
2266 1084 2381 1144 mm.
2418 1084 2627 1144 Without
2656 1088 2728 1148 the
2764 1088 2944 1148 blanks.
2980 1092 3212 1152 Formerly
3240 1092 3384 1152 bound

1952 1148 2104 1208 before
2135 1148 2219 1208 IB.
2242 1152 2380 1212 39055
2418 1149 2618 1209 (above).

2013 1224 2115 1284 From
2173 1224 2239 1284 the
2275 1224 2355 1284 Old
2392 1224 2602 1284 Library.

3125 1231 3213 1291 IB.
3237 1232 3397 1292 39061.

1960 1436 2288 1496 JACOBUS
2381 1440 2473 1500 DE
2565 1440 3029 1500 VORAGINE.
3121 1444 3388 1504 Legenda

2731 1505 2790 1565 *1
2835 1524 3197 1584 September,
3231 1531 3407 1591 1475.

2023 1518 2227 1578 aurea.

2009 1596 2075 1656 22.
2105 1596 2273 1656 Incipit
2302 1600 2514 1660 prologus
2551 1600 2624 1660 sup
2676 1600 2910 1660 Legendas
2998 1601 3225 1661 sanctoru.
3283 1604 3393 1664 quas

1951 1660 2162 1720 copilauit
2197 1660 2324 1720 frater
2408 1664 2606 1724 lacobus
2641 1664 2866 1724 ianuensis
2901 1665 3099 1725 natione/
3127 1664 3176 1724 de
3218 1665 3268 1725 or
3296 1668 3387 1728 dine

1951 1724 2106 1784 fratrum
2166 1724 2517 1784 predicatorum.

2614 1727 2969 1787 VINIVERSVM
3070 1728 3248 1788 tempus
3273 1731 3391 1791 pnntis

1958 1785 2031 1845 vite
2096 1788 2191 1848 ...
2227 1788 2366 1848 Ibid.,
2388 1791 2475 1851 col.
2497 1792 2548 1852 2:
2569 1791 2686 1851 Finit
2715 1792 2920 1852 Prologus
2949 1792 3080 1852 super
3109 1792 3248 1852 librum

1955 1852 2172 1912 Legendis
2210 1852 2490 1912 sanctorum.

2577 1856 2811 1916 Incipiunt
2847 1856 3032 1916 capitula
3074 1856 3280 1916 feliciter.
3331 1859 3352 1919 3

1955 1916 2038 1976 col.
2052 1916 2100 1976 2:
2121 1916 2349 1976 Incipiunt
2370 1918 2550 1978 legende
2577 1916 2806 1976 sanctorum.
2834 1916 2889 1976 Et
2909 1920 3090 1980 primo
3125 1918 3166 1978 de
3193 1920 3387 1980 tempore

1951 1980 2247 2040 renouationis
2282 1980 2423 2040 agitur
2543 1981 2656 2041 quod
2699 1980 2762 2040 est
2790 1980 3009 2040 aduentus
3045 1980 3235 2040 domini.
3277 1984 3397 2044 2822,

1953 2040 2238 2100 COLOPHON:
2272 2044 2394 2104 Finit
2421 2044 2551 2104 aurea
2585 2044 2795 2104 Legenda
2829 2044 2931 2104 alias
2965 2044 3142 2104 historia
3237 2045 3386 2105 longo¬

1953 2104 2120 2164 bardica
2141 2104 2349 2164 vocitata.
2383 2108 2592 2168 feliciter.
2640 2108 2862 2168 Impressa
2890 2108 3070 2168 Parisius
3099 2108 3168 2168 per
3189 2108 3397 2168 Vdalricum

1983 2172 2157 2232 gering.
2183 2169 2391 2229 Martinum
2411 2172 2598 2232 crancz.
2618 2172 2658 2232 et
2678 2172 2946 2232 Michalselem
2992 2172 3233 2232 friburger.
3259 2172 3386 2232 Anno

1951 2236 2532 2296 dominiM.cccc.lxxv.
2574 2236 2712 2296 prima
2760 2236 3002 2296 septëbris.
3065 2236 3189 2296 2832.
3225 2236 3390 2296 Incipit

1950 2296 2091 2356 tabula
2117 2297 2184 2357 sup
2224 2296 2425 2356 legendas
2451 2297 2705 2357 sanctosrum
2758 2300 2959 2360 secundum
2986 2298 3139 2358 ordinem
3167 2300 3393 2360 alphabeti

1954 2358 2169 2418 collescta.
2226 2360 2283 2420 Et
2318 2360 2419 2420 pmo
2469 2360 2641 2420 pmittit
2684 2362 2863 2422 prologu
2913 2364 2941 2424 qu
2992 2360 3078 2420 oste
3142 2363 3200 2423 dit
3243 2364 3385 2424 modum

1944 2420 2114 2480 repiendi
2141 2424 2339 2484 materias
2366 2424 2386 2484 .
2407 2426 2420 2486 .
2448 2428 2462 2488 .
2495 2428 2625 2488 294°,
2645 2424 2774 2484 END:
2795 2424 2917 2484 Finit
2944 2424 3081 2484 tabula
3115 2425 3319 2485 feliciter.

1999 2496 2131 2556 Folio.
2163 2496 2314 2556 [am'°
2339 2495 2402 2555 n12
2421 2494 2491 2554 o-z
2522 2496 2541 2556 i
2566 2498 2578 2558 9
2610 2496 2793 2556 aa-ccl°;
2818 2492 2887 2552 al2.
2938 2500 3013 2560 294
3045 2500 3190 2560 leaves,
3209 2501 3272 2561 the
3303 2500 3391 2560 first

1942 2548 2079 2608 blank.
2126 2548 2143 2608 2
2185 2548 2387 2608 columns.
2434 2549 2499 2609 52:
2529 2552 2576 2612 45
2618 2552 2743 2612 lines,
2778 2549 2879 2609 205X
2914 2548 3033 2608 146-8
3074 2552 3181 2612 mm.
3234 2552 3394 2612 Types:

1952 2604 2007 2664 114
2044 2604 2149 2664 SG.,
2168 2604 2242 2664 last
2261 2604 2335 2664 line
2360 2604 2403 2664 of
2422 2604 2651 2664 colophon;
2669 2604 2712 2664 9o
2743 2604 2799 2664 G.
2830 2604 2997 2664 Capital
3015 2604 3170 2664 spaces.

2001 2681 2070 2741 312
2105 2676 2120 2736 X
2147 2676 2223 2736 230
2259 2676 2377 2736 mm.
2419 2676 2628 2736 Without
2655 2676 2725 2736 the
2760 2676 2913 2736 blank.
2955 2680 3080 2740 Fully
3121 2680 3393 2740 rubricated.

1943 2740 2151 2800 Remains
2171 2740 2211 2800 of
2224 2740 2499 2800 manuscript
2519 2740 2712 2800 quiring,
2727 2742 2760 2802 as
2780 2740 2806 2800 in
2834 2740 2893 2800 the
2920 2740 3047 2800 above
3074 2744 3302 2804 collation.
3315 2745 3375 2805 On

1944 2802 2165 2862 fly-leaves
2185 2802 2252 2862 are
2279 2803 2338 2863 the
2366 2804 2607 2864 signatures
2633 2804 2674 2864 of
2694 2804 2908 2864 Henricus
2935 2804 3075 2864 Evans
3096 2804 3169 2864 and
3203 2804 3243 2864 of
3263 2804 3398 2864 Reyd.

1952 2864 2014 2924 W.
2037 2868 2247 2928 Jackson,
2271 2868 2512 2928 Heathfield
2552 2868 2777 2928 Vicarage,
2800 2868 2940 2928 Hurst
2964 2868 3135 2928 Green,
3159 2868 3345 2928 Surrey.

2000 2948 2180 3008 Bought
2205 2948 2240 3008 in
2274 2948 2401 3008 July,
2419 2948 2555 3008 1863.

3119 2951 3207 3011 IB.
3227 2952 3394 3012 39063.

1949 3159 2402 3219 GREGORIUS
2446 3160 2499 3220 I.
2532 3160 2814 3220 Homiliae
2846 3164 3007 3224 super
3041 3164 3385 3224 Euangeliis.

2809 3228 2871 3288 *1
2907 3244 3186 3304 October,
3212 3252 3383 3312 1475.

1996 3325 2060 3385 22.
2083 3324 2248 3384 Incipit
2269 3324 2377 3384 liber
2399 3328 2687 3388 quadraginta
2752 3328 2931 3388 omeliax
2975 3328 2989 3388 8
3018 3328 3205 3388 diuersis
3227 3328 3363 3388 lectoi

1945 3388 2016 3448 bus
2052 3388 2246 3448 euâgelij
2275 3388 2397 3448 beati
2418 3389 2612 3449 gregorij
2677 3392 2784 3452 pape
2820 3392 2935 3452 vrbis
2964 3392 3107 3452 rome.
3151 3392 3193 3452 ad
3229 3392 3308 3452 epm

1942 3452 2273 3512 Secundinum.
2315 3452 2554 3512 Prologus.
2604 3452 3040 3512 RJEuerendissimo
3104 3452 3139 3512 et
3160 3456 3372 3516 sctissimo

1938 3513 1989 3573 fra
2018 3516 2085 3576 tri
2107 3516 2260 3576 scoino
2289 3516 2399 3576 epo.
2465 3516 2714 3576 Gregorius
2743 3516 2919 3576 seruus
2956 3516 3102 3576 seruoz
3139 3516 3212 3576 dei

1941 3586 2003 3646 3b,
2038 3580 2120 3640 col.
2155 3580 2204 3640 1:
2231 3580 2356 3640 Finit
2390 3580 2556 3640 tabula.
2639 3580 2805 3640 Incipit
2839 3580 2950 3640 liber
2985 3580 3165 3640 omeliax
3206 3580 3323 3640 beati

1942 3641 2125 3701 gregorij
2146 3641 2273 3701 pape.
2308 3644 2435 3704 140b,
2449 3644 2738 3704 COLOPHON:
2752 3644 2879 3704 Beati
2893 3644 3076 3704 gregorij
3098 3644 3203 3704 pape
3225 3644 3338 3704 vrbis

1938 3704 2050 3764 rome
2079 3704 2241 3764 Omelie
2269 3705 2495 3765 quadragin
2551 3706 2622 3766 ta.
2650 3704 2713 3764 De
2735 3704 2918 3764 diuersis
2939 3707 3123 3767 euangelij
3137 3704 3377 3764 lectioni¬

1934 3768 2012 3828 bus
2041 3768 2207 3828 finiunt
2235 3768 2443 3828 feliciter.
2515 3768 2738 3828 Impresse
2774 3768 2960 3828 Parisius
2997 3768 3068 3828 per
3097 3768 3327 3828 michalele

1938 3828 2138 3888 vdalricum
2153 3830 2167 3890 /
2181 3832 2224 3892 et
2245 3832 2454 3892 martinum.
2482 3832 2547 3892 An
2605 3832 2654 3892 no
2690 3832 2777 3892 dnmi.
2798 3832 2869 3892 M.
2876 3832 2991 3892 cccc.
2999 3832 3106 3892 Ixxv.
3128 3832 3185 3892 die
3213 3832 3371 3892 prisma

1933 3892 2095 3952 mensis
2122 3893 2326 3953 Octobris
2347 3896 2422 3956 sub
2456 3896 2489 3956 re
2544 3896 2592 3956 ge
2619 3896 2877 3956 Ludouico.
2911 3896 3033 3956 1412.
3047 3894 3190 3954 Dnnica
3210 3896 3366 3956 secunda

1935 3959 1965 4019 in
2003 3956 2157 4016 aduëtu
2187 3956 2265 4016 dni
2280 3960 2365 4020 ...
2403 3956 2572 4016 Omelia
2602 3963 2648 4023 .j.
2702 3963 2756 4023 ..
2779 3960 2794 4020 .
2833 3960 2971 4020 Ibid.,
2986 3956 3117 4016 END:
3132 3959 3255 4019 Finis
3278 3960 3370 4020 felix

1931 4020 2066 4080 huius
2096 4020 2291 4080 registri.

1984 4084 2119 4144 Folio.
2160 4084 2289 4144 Ja-n1°
2316 4084 2399 4144 o12.
2459 4088 2527 4148 142
2568 4088 2711 4148 leaves,
2738 4088 2800 4148 the
2834 4088 2922 4148 first
2955 4088 3024 4148 and
3065 4088 3139 4148 last
3166 4091 3302 4151 blank.
3343 4092 3363 4152 2

1932 4140 2132 4200 columns.
2177 4142 2248 4202 4°:
2273 4144 2318 4204 33
2357 4140 2479 4200 lines,
2511 4140 2614 4200 189X
2646 4140 2763 4200 127-9
2801 4140 2910 4200 mm.
2955 4141 3116 4201 Types:
3155 4144 3226 4204 114
3271 4144 3380 4204 SG.;

1931 4195 1974 4255 90
2006 4194 2073 4254 G.,
2093 4192 2192 4252 table
2223 4192 2267 4252 on
2297 4192 2409 4252 1412.
2441 4192 2540 4252 Hain
2571 4196 2695 4256 7949.

1988 4253 2065 4313 The
2100 4252 2195 4312 copy
2231 4252 2272 4312 on
2314 4252 2438 4312 which
2474 4252 2539 4312 the
2574 4254 2811 4314 description
2847 4252 2954 4312 taken
2995 4252 3090 4312 over
3120 4255 3167 4315 by
3202 4255 3297 4315 Hain
3338 4256 3368 4316 is

1930 4305 2038 4365 based
2077 4305 2239 4365 appears
2266 4306 2299 4366 to
2332 4306 2423 4366 have
2450 4304 2521 4364 had
2554 4304 2614 4364 the
2646 4306 2722 4366 last
2744 4304 2830 4364 four
2858 4304 2982 4364 leaves
3010 4304 3047 4364 of
3074 4304 3085 4364 a
3118 4308 3210 4368 copy
3242 4308 3281 4368 of
3308 4309 3367 4369 the

1933 4362 2024 4422 1475
2058 4356 2309 4416 Zamorensis
2331 4357 2422 4417 (IB.
2439 4357 2587 4417 39061)
2610 4356 2785 4416 attached
2820 4356 2848 4416 to
2882 4356 2910 4416 it
2933 4356 2973 4416 at
2990 4359 3052 4419 the
3081 4356 3177 4416 end.

1982 4420 2000 4480 A
2035 4418 2107 4478 line
2136 4419 2178 4479 of
2195 4420 2279 4480 text
2296 4420 2457 4480 omitted
2492 4420 2528 4480 at
2545 4420 2605 4480 the
2635 4420 2718 4480 foot
2741 4420 2777 4480 of
2801 4420 2866 4480 53°
2884 4420 2932 4480 (If
2973 4420 3026 4480 3e,
3050 4420 3145 4480 after
3175 4420 3364 4480 exteriora

1933 4473 2027 4533 quaq')
2050 4472 2116 4532 has
2144 4468 2233 4528 been
2266 4475 2444 4535 supplied
2477 4473 2510 4533 in
2544 4468 2810 4528 pen-and-ink
2843 4468 2871 4528 in
2905 4471 2993 4531 both
3027 4472 3088 4532 the
3121 4472 3249 4532 copies
3277 4472 3365 4532 here

1924 4524 2124 4584 described
2162 4524 2202 4584 by
2235 4524 2296 4584 the
2323 4524 2424 4584 same
2451 4524 2579 4584 hand,
2601 4524 2851 4584 presumably
2879 4524 2906 4584 in
2940 4524 3001 4584 the
3029 4524 3223 4584 printers'
3240 4524 3374 4584 office.

1984 4591 2209 4651 278X202
2263 4592 2379 4652 mm.
2419 4591 2631 4651 Without
2665 4588 2740 4648 the
2781 4592 2965 4652 blanks.
3013 4592 3190 4652 Capital
3224 4592 3272 4652 on
3326 4592 3346 4652 2

1933 4652 2200 4712 illuminated
2240 4653 2274 4713 in
2314 4655 2408 4715 gold
2454 4652 2528 4712 and
2568 4652 2762 4712 colours,
2789 4652 2916 4712 other
2950 4656 3130 4716 capitals
3164 4656 3357 4716 supplied

1927 4716 1961 4776 in
2000 4716 2094 4776 red,
2122 4716 2356 4776 paragraph
2389 4716 2536 4776 marks
2570 4716 2597 4776 in
2637 4716 2704 4776 red
2737 4719 2784 4779 or
2811 4720 2938 4780 blue.
2985 4718 3072 4778 The
3106 4716 3193 4776 last
3213 4719 3300 4779 leaf
3327 4718 3366 4778 of

1933 4780 2054 4840 print
2076 4780 2111 4840 is
2139 4780 2331 4840 backed.

1990 4856 2093 4916 From
2149 4860 2221 4920 the
2254 4860 2333 4920 Old
2366 4860 2581 4920 Library.

3092 4860 3179 4920 IB.
3206 4863 3362 4923 39065.
