4645 6237
735 2404 998 2464 MEJIA,
1024 2405 1384 2465 FERNANDO.
1437 2408 1779 2468 Nobiliario.

1663 2469 1759 2529 *30
1802 2488 1974 2548 June,
1996 2491 2168 2551 1492.

800 2582 882 2642 [1a,
895 2580 1067 2640 TITLE:
1080 2584 1101 2644 C
1149 2584 1272 2644 Libro
1307 2584 1334 2644 in
1369 2584 1540 2644 titulado
1574 2584 1793 2644 nobiliario
1828 2584 2006 2644 perfetal
2020 2584 2163 2644 mente

734 2644 941 2704 copylado
984 2641 1002 2701 i
1032 2647 1252 2707 ordenado
1295 2648 1374 2708 por
1405 2648 1447 2708 el
1477 2648 1679 2708 onsrrado
1722 2648 1929 2708 cauallero
1978 2648 2161 2708 Ferantd

743 2704 887 2764 Mexia
920 2702 1116 2762 veyn-te
1155 2708 1306 2768 quatro
1345 2708 1392 2768 de
1431 2708 1555 2768 lahen
1601 2711 1660 2771 zë.
1726 2711 1791 2771 22.
1824 2708 1843 2768 C
1896 2708 2092 2768 Comiença
2132 2712 2164 2772 la

726 2764 839 2824 tabla
873 2770 894 2830 8
972 2768 1034 2828 los
1063 2765 1281 2825 capitulos
1315 2772 1379 2832 ôla
1414 2772 1582 2832 pmera
1617 2768 1729 2828 parte
1764 2768 1842 2828 del
1863 2771 1996 2831 libro.

734 2817 799 2877 5a.
813 2828 930 2888 (red)
945 2828 1068 2888 Aqui
1083 2830 1301 2890 comiença
1330 2832 1367 2892 el
1388 2835 1526 2895 prolos
1533 2832 1577 2892 go
1614 2835 1679 2895 del
1694 2832 1796 2892 libro
1824 2835 1912 2895 dela
1941 2836 2144 2896 nobleza.

736 2888 969 2948 Intitulado
1001 2892 1013 2952 z
1039 2893 1220 2953 llamado
1246 2895 1323 2955 no¬
1356 2896 1510 2956 biliario
1542 2896 1742 2956 vero...
1769 2893 1839 2953 72.
1859 2894 1975 2954 (red)
1994 2896 2007 2956 Q
2052 2896 2168 2956 Aqui

732 2953 917 3013 comiença
963 2956 996 3016 la
1043 2956 1195 3016 yntro¬
1228 2956 1347 3016 ducio
1400 2956 1447 3016 ôl
1486 2957 1606 3017 dicho
1658 2960 1764 3020 libro
1811 2957 1982 3017 yntitu¬
2015 2959 2102 3019 lado
2154 2959 2168 3019 2

732 3016 914 3076 Ilamado
953 3019 1344 3079 nobiliariovero
1376 3016 1495 3076 fecho
1527 3020 1741 3080 ordenado
1780 3020 1799 3080 z
1824 3020 2051 3080 copisllado
2089 3020 2164 3080 por

735 3080 774 3140 el
794 3080 978 3140 onrrado
1011 3080 1169 3140 caualle
1202 3080 1241 3140 ro
1274 3080 1458 3140 Ferantd
1490 3084 1793 3144 mexia..
1826 3084 1885 3144 (l.
1905 3084 1984 3144 18)
2004 3084 2134 3144 (black

745 3142 924 3202 SEgund
989 3140 1032 3200 es
1061 3144 1169 3204 escri
1190 3141 1226 3201 to
1254 3144 1327 3204 enl
1341 3144 1362 3204 p
1398 3144 1513 3204 mero
1542 3145 1570 3205 li
1592 3144 1664 3204 bro
1693 3144 1758 3204 ôla
1815 3144 1879 3204 ley
1908 3144 1994 3204 dios
2052 3144 2159 3204 puso

727 3208 741 3268 A
828 3206 909 3266 adä
938 3204 990 3264 en
1077 3206 1259 3266 parayso
1333 3208 1682 3268 ternal..

1725 3209 1818 3269 962,
1838 3208 1926 3268 col.
1953 3208 2000 3268 2,
2027 3208 2061 3268 l.
2094 3210 2169 3270 19,

728 3268 964 3328 AUTHOR'S
995 3264 1286 3324 COLOPHON:
1310 3268 1322 3328 .
1347 3270 1402 3330 ..
1432 3268 1699 3328 Començose
1735 3268 1809 3328 enl
1875 3268 1954 3328 ano
1991 3268 2040 3328 de
2070 3268 2167 3328 mill

732 3335 751 3395 y
789 3325 1110 3385 quatroçientos
1143 3328 1161 3388 i
1187 3328 1300 3388 sete¬
1332 3329 1363 3389 ta
1395 3330 1414 3390 i
1439 3330 1541 3390 siete
1572 3332 1698 3392 anos.
1742 3332 1793 3392 En
1831 3328 1881 3388 fin
1926 3329 1970 3389 81
1995 3332 2084 3392 mes
2115 3328 2159 3388 de

725 3388 768 3448 a=
799 3392 905 3452 bril.
936 3388 1134 3448 Acabose
1165 3390 1215 3450 de
1246 3392 1432 3452 escreuir
1463 3392 1475 3452 i
1506 3392 1550 3452 de
1581 3392 1792 3452 correlgir
1822 3393 1860 3453 a.
1879 3392 1959 3452 xv.
1978 3392 2065 3452 dias
2096 3393 2171 3453 del

727 3452 817 3512 mes
847 3452 894 3512 de
931 3455 1050 3515 mayo
1086 3453 1164 3513 ano
1241 3455 1319 3515 del
1343 3456 1469 3516 senor
1498 3456 1546 3516 de
1582 3456 1678 3516 mill
1701 3456 1719 3516 z
1744 3454 2072 3514 quatroçientos

728 3514 909 3574 ochenta
948 3516 967 3576 i
992 3516 1115 3576 ginco
1154 3516 1257 3576 anos
1290 3519 1354 3579 tê.
1438 3517 1457 3577 A
1509 3516 1599 3576 dios
1638 3517 1819 3577 graçias.
1909 3516 2148 3576 (PRINTERS

734 3576 1037 3636 COLOPHON:)
1061 3576 1080 3636 C
1123 3576 1311 3636 Acabose
1341 3577 1372 3637 la
1408 3580 1602 3640 presente
1633 3580 1730 3640 obra
1761 3580 1913 3640 sabado
1985 3578 2089 3638 xxX.
2113 3578 2156 3638 de

734 3639 879 3699 junio.
904 3638 973 3698 ano
1011 3640 1099 3700 dela
1131 3643 1402 3703 jncarnaçion
1440 3644 1458 3704 :
1502 3640 1553 3700 de
1585 3640 1679 3700 mill
1704 3642 1748 3702 y.
1773 3640 1893 3700 cccc.
1912 3642 2020 3702 xcij.
2045 3640 2145 3700 anos

733 3695 782 3755 En
823 3703 852 3763 la
887 3704 985 3764 muy
1061 3702 1194 3762 noble
1222 3702 1243 3762 y
1278 3703 1376 3763 lleal
1397 3701 1550 3761 cibdad
1586 3704 1606 3764 8
1641 3704 1788 3764 seujlla
1816 3704 1990 3764 jnpres¬
2018 3703 2061 3763 sa
2088 3704 2165 3764 por

725 3764 803 3824 llos
826 3764 1042 3824 onrrados
1071 3764 1251 3824 varones
1275 3764 1531 3824 maesstros.
1567 3768 1704 3828 Pedro
1734 3767 1871 3827 brun.
1908 3767 1985 3827 Iua
2015 3765 2165 3825 gentil.

738 3826 808 3886 fiel
916 3824 1302 3884 verdaderamente
1334 3825 1555 3885 corregida
1588 3828 1650 3888 ië.

772 3916 902 3976 Folio.
941 3912 980 3972 a°
1008 3912 1103 3972 b-h8
1132 3908 1177 3968 i10
1210 3911 1228 3971 K
1278 3916 1295 3976 1
1317 3916 1396 3976 m°.
1435 3916 1481 3976 96
1514 3916 1660 3976 leaves.
1700 3916 1717 3976 3
1756 3916 1936 3976 columns
1970 3916 1998 3976 in
2043 3916 2166 3976 table,

723 3968 733 4028 2
773 3967 952 4027 columns
983 3964 1217 4024 elsewhere.
1259 3968 1325 4028 52:
1350 3965 1397 4025 47
1432 3965 1524 4025 lines
1560 3968 1626 4028 and
1667 3968 1871 4028 headline,
1897 3964 1963 4024 210
2004 3968 2116 4028 (223)
2126 3968 2142 4028 X

723 4020 787 4080 134
830 4020 932 4080 mm.
975 4016 1135 4076 Types:
1167 4016 1237 4076 117
1275 4017 1344 4077 G.,
1376 4016 1601 4076 headlines,
1627 4016 2024 4076 chapter-headings,
2051 4016 2163 4076 other

723 4068 936 4128 headings,
963 4068 1122 4128 incipits
1155 4068 1193 4128 on
1231 4065 1275 4125 5°
1307 4068 1373 4128 and
1411 4064 1482 4124 72;
1504 4064 1548 4124 90
1586 4068 1646 4128 G.
1684 4068 1881 4128 Capitals.
1919 4068 2164 4128 Lombards.

735 4116 973 4176 Woodcuts.
1008 4120 1182 4180 Haebler
1206 4124 1298 4184 411.
1339 4120 1496 4180 Vindel,
1519 4122 1601 4182 vol.
1624 4124 1664 4184 5,
1682 4124 1729 4184 p.
1752 4124 1838 4184 130,
1862 4124 1932 4184 no.
1949 4124 2019 4184 44.
2054 4121 2152 4181 Hain

731 4172 849 4232 11132
887 4172 897 4232 =
951 4175 1102 4235 11133.

779 4232 918 4292 Hain's
949 4232 1056 4292 entry
1089 4234 1152 4294 for
1179 4236 1217 4296 an
1254 4232 1398 4292 edition
1435 4232 1473 4292 of
1505 4232 1596 4292 1485
1633 4235 1718 4295 (no.
1745 4232 1889 4292 11132)
1916 4232 1942 4292 is
1974 4232 2044 4292 due
2081 4232 2113 4292 to
2145 4232 2161 4292 a

719 4284 922 4344 confusion
963 4282 1004 4342 of
1034 4282 1096 4342 the
1131 4284 1213 4344 date
1249 4284 1295 4344 of
1320 4284 1560 4344 completion
1601 4284 1642 4344 of
1677 4284 1739 4344 the
1774 4284 1927 4344 writing
1968 4282 2039 4342 and
2081 4283 2162 4343 cor-

727 4336 866 4396 rection
900 4336 940 4396 of
965 4336 1024 4396 the
1053 4336 1148 4396 work
1182 4336 1217 4396 as
1242 4336 1351 4396 given
1385 4336 1410 4396 in
1445 4340 1504 4400 the
1534 4336 1707 4396 author's
1737 4336 1924 4396 colophon
1960 4336 2043 4396 with
2078 4336 2162 4396 that

733 4388 774 4448 of
798 4388 1004 4448 printing.

788 4448 867 4508 The
897 4448 975 4508 cuts
1000 4448 1039 4508 on
1069 4448 1192 4508 leaves
1217 4448 1311 4508 93-5
1341 4448 1543 4508 represent
1562 4451 1666 4511 coats
1691 4448 1730 4508 of
1745 4448 1868 4508 arms,
1888 4452 2071 4512 banners,
2090 4448 2165 4508 etc.

793 4532 903 4592 277X
937 4536 1013 4596 200
1042 4540 1152 4600 mm.
1187 4537 1448 4597 Imperfect,
1471 4536 1651 4596 wanting
1679 4539 1743 4599 the
1772 4536 2016 4596 outermost
2039 4537 2160 4597 sheet

740 4604 767 4664 (a
807 4600 849 4660 I,
876 4602 889 4662 a
923 4600 971 4660 6)
992 4600 1039 4660 of
1067 4600 1183 4660 quire
1223 4602 1237 4662 a
1271 4600 1346 4660 and
1387 4601 1442 4661 all
1469 4600 1517 4660 of
1544 4600 1660 4660 quire
1694 4604 1762 4664 K.
1803 4600 1864 4660 On
1905 4603 1918 4663 a
1953 4600 2103 4660 flyleaf
2130 4600 2165 4660 is

729 4660 932 4720 written:
964 4658 1037 4718 Dr
1070 4656 1234 4716 Powell
1260 4664 1496 4724 purchased
1542 4660 1627 4720 from
1687 4662 1864 4722 Thorpe
1897 4664 1969 4724 34,
1995 4660 2100 4720 Feby

736 4728 937 4788 1842...
978 4724 1085 4784 This
1112 4724 1213 4784 copy
1247 4724 1328 4784 was
1354 4725 1590 4785 purchased
1623 4724 1650 4784 in
1691 4727 1792 4787 1825
1825 4724 1885 4784 for
1905 4727 1960 4787 64
2000 4721 2067 4781 168
2088 4724 2149 4784 6d.

737 4784 825 4844 No.
852 4788 934 4848 469
975 4784 1002 4844 in
1049 4786 1118 4846 the
1151 4788 1233 4848 sale
1274 4784 1321 4844 of
1348 4788 1498 4848 Revd.
1525 4788 1586 4848 D.
1620 4788 1682 4848 T.
1709 4786 1885 4846 Powell,
1919 4788 2082 4848 LL.B.,
2116 4786 2157 4846 of

737 4849 1029 4909 Tottenham,
1056 4852 1110 4912 31
1152 4852 1274 4912 July,
1307 4854 1437 4914 1848.
1484 4852 1702 4912 Formerly
1749 4852 1892 4912 bound
1939 4852 2035 4912 with
2082 4852 2165 4912 IB.

2229 2396 2356 2456 52828
2403 2392 2590 2452 (Livius,
2631 2396 2853 2456 Decades,
2893 2396 3168 2456 Salamanca,
3201 2396 3248 2456 15
3289 2392 3483 2452 August,
3517 2397 3650 2457 1497)

2220 2456 2370 2516 Bound
2417 2456 2454 2516 in
2495 2456 2675 2516 modern
2723 2456 2818 2516 half
2855 2456 2998 2516 brown
3046 2456 3249 2516 morocco
3291 2456 3345 2516 by
3387 2456 3459 2516 the
3501 2458 3656 2518 British

2221 2517 2414 2577 Museum
2472 2516 2685 2576 bindery.

3388 2590 3473 2650 IB.
3498 2600 3669 2660 52424.

2289 2593 2466 2653 Bought
2488 2596 2522 2656 in
2557 2593 2769 2653 January,
2798 2596 2926 2656 1849.

2588 2852 2819 2912 PETRUS
2865 2856 3020 2916 BRUN
3081 2856 3281 2916 ALONE

2233 2965 2753 3025 VESPASIANO.
2822 2964 3074 3024 Historia
3134 2964 3239 3024 del
3282 2968 3447 3028 noble
3517 2964 3656 3024 Ves¬

2307 3048 2564 3108 pasiano.
2619 3048 2955 3108 Translated
2994 3045 3111 3105 from
3173 3048 3252 3108 the
3298 3048 3501 3108 French
3541 3045 3657 3105 text

2311 3128 2396 3188 La
2443 3124 2799 3184 Destruction
2854 3128 2916 3188 de
2956 3127 3312 3187 Jérusalem.

3081 3196 3182 3256 *25
3223 3205 3467 3265 August,
3497 3208 3661 3268 1499.

2277 3304 2341 3364 22.
2372 3304 2506 3364 AQui
2538 3304 2761 3364 comiença
2800 3304 2838 3364 la
2870 3307 3029 3367 ystoria
3074 3304 3143 3364 del
3176 3304 3303 3364 noble
3348 3304 3653 3364 Ve-spesiano

2228 3368 2488 3428 emperador
2518 3368 2530 3428 8
2566 3368 2729 3428 Roma:
2754 3368 2869 3428 como
2906 3367 2978 3427 en-
2996 3364 3111 3424 salço
3148 3364 3178 3424 la
3208 3364 3238 3424 fe
3275 3364 3317 3424 de
3347 3364 3438 3424 lesu
3474 3368 3553 3428 xpo
3583 3368 3662 3428 por

2230 3429 2304 3489 que
2341 3428 2372 3488 lo
2409 3428 2508 3488 sano
2545 3428 2638 3488 dela
2669 3428 2805 3488 lesspra
2842 3428 2916 3488 que
2954 3428 2997 3488 el
3021 3427 3133 3487 tenia
3164 3427 3182 3487 i
3214 3428 3287 3488 del
3313 3427 3652 3487 destruymiento

2228 3485 2273 3545 de
2305 3490 2595 3550 lhe¬rusalem
2646 3491 2666 3551 z
2692 3488 2737 3548 de
2770 3492 2802 3552 la
2827 3490 2996 3550 muerte
3028 3486 3072 3546 de
3104 3488 3285 3548 Pilatos.
3421 3488 3659 3548 Comiença

2228 3553 2268 3613 el
2288 3552 2489 3612 prologo.
2569 3552 2730 3612 ACabo
2763 3552 2810 3612 de
2843 3552 3051 3612 quarenta
3084 3552 3098 3612 z
3131 3552 3205 3612 dos
3232 3552 3338 3612 annos
3365 3548 3445 3608 que
3479 3552 3599 3612 Ihesu

2221 3612 2301 3672 xpo
2338 3616 2511 3676 nuestro
2548 3616 2678 3676 senor
2709 3614 2777 3674 fue
2814 3612 2963 3672 puesto
3000 3614 3093 3674 enla
3130 3612 3222 3672 cruz
3260 3616 3279 3676 .
3303 3616 3322 3676 .
3346 3616 3365 3676 .
3408 3610 3501 3670 36b,
3532 3615 3563 3675 l.
3588 3621 3662 3681 25,

2231 3676 2515 3736 COLOPHON:
2547 3676 2566 3736 C
2618 3676 2759 3736 Finito
2798 3676 2901 3736 libro
2940 3676 2998 3736 sit
3024 3676 3121 3736 laus
3153 3676 3282 3736 gloria
3321 3676 3398 3736 xpo
3437 3676 3604 3736 Amen.

2227 3736 2320 3796 Este
2357 3739 2462 3799 libro
2499 3739 2568 3799 fue
2598 3736 2871 3796 empremido
2908 3736 2952 3796 en
2989 3739 3020 3799 la
3057 3737 3156 3797 muy
3193 3736 3317 3796 noble
3355 3736 3373 3796 z
3398 3737 3497 3797 muy
3535 3738 3622 3798 leal

2227 3800 2372 3860 cibdad
2410 3802 2455 3862 de
2486 3800 2644 3860 Seuilla
2676 3800 2751 3860 por
2777 3800 2904 3860 pedro
2935 3800 3036 3860 brun
3074 3800 3289 3860 sauoyano
3320 3800 3396 3860 ano
3428 3800 3472 3860 81
3529 3800 3661 3860 senor

2230 3860 2274 3920 de
2306 3864 2413 3924 mill.
2438 3864 2558 3924 cccc.
2577 3864 2647 3924 xc.
2672 3864 2779 3924 viiij.
2798 3864 2811 3924 a
2842 3864 2950 3924 xxv.
2968 3864 3056 3924 dias
3088 3861 3132 3921 de
3164 3864 3346 3924 Agosto.

2280 3952 2450 4012 Quarto.
2487 3948 2572 4008 a-c'
2599 3948 2620 4008 d
2652 3948 2710 4008 e“.
2747 3951 2789 4011 36
2827 3949 2975 4009 leaves.
3012 3948 3082 4008 52:
3108 3952 3145 4012 32
3182 3952 3299 4012 lines,
3331 3952 3527 4012 154X102
3560 3952 3661 4012 mm.

2227 4000 2384 4060 Types:
2407 4002 2471 4062 117
2506 4004 2576 4064 G.,
2593 4004 2750 4064 incipit,
2773 4000 3174 4060 chapter-headings;
3197 4001 3238 4061 90
3267 4000 3354 4060 (95)
3378 4004 3435 4064 G.
3471 4004 3662 4064 Capitals.

2211 4056 2457 4116 Lombards.
2502 4056 2743 4116 Woodcuts.
2783 4055 2955 4115 Haebler
2989 4058 3086 4118 674.
3126 4056 3292 4116 Vindel,
3315 4056 3401 4116 vol.
3424 4057 3464 4117 5,
3493 4060 3539 4120 p.
3567 4059 3636 4119 328

2212 4104 2288 4164 no.
2312 4108 2408 4168 122.

2284 4161 2339 4221 Ce
2364 4168 2460 4228 texte
2486 4168 2526 4228 ..
2541 4168 2551 4228 .
2572 4167 2627 4227 est
2642 4168 2794 4228 traduit
2809 4168 2926 4228 d’une
2946 4164 3073 4224 œuvre
3098 4164 3305 4224 française,
3325 4165 3578 4225 Destruction
3609 4166 3649 4226 de

2226 4216 2458 4276 Jérusalem,
2479 4216 2551 4276 qui
2572 4216 2634 4276 fut
2655 4216 2861 4276 imprimée
2892 4216 2975 4276 sept
3001 4217 3042 4277 ou
3079 4216 3166 4276 huit
3187 4216 3259 4276 fois
3285 4216 3326 4276 au
3357 4216 3487 4276 moins
3518 4219 3554 4279 au
3585 4213 3631 4273 xv

2215 4268 2359 4328 siècle.'
2401 4268 2514 4328 (From
2567 4268 2631 4328 the
2663 4268 2812 4328 preface
2850 4268 2882 4328 to
2913 4268 2930 4328 a
2962 4270 3116 4330 reprint
3137 4268 3266 4328 edited
3303 4268 3345 4328 by
3383 4268 3436 4328 R.
3458 4270 3655 4330 Foulché-

2222 4320 2415 4380 Delbosc,
2439 4320 2473 4380 in
2512 4316 2643 4376 Revue
2683 4320 2939 4380 hispanique,
2968 4320 3070 4380 tom.
3099 4319 3145 4379 21
3179 4320 3338 4380 (1909),
3361 4324 3406 4384 p.
3435 4324 3543 4384 567.)
3589 4324 3658 4384 Cf.

2212 4370 2287 4430 IB.
2306 4372 2450 4432 41806,
2475 4372 2544 4432 IB.
2563 4372 2689 4432 42252
2720 4372 2795 4432 (pt.
2814 4372 2895 4432 viii,
2920 4375 2989 4435 pp.
3008 4372 3102 4432 287,
3127 4379 3234 4439 343).

2274 4430 2354 4490 The
2386 4435 2561 4495 contents
2588 4432 2631 4492 of
2652 4432 2711 4492 the
2737 4432 2828 4492 first
2849 4432 2924 4492 leaf
2945 4432 2998 4492 are
3030 4432 3099 4492 not
3121 4433 3285 4493 known.

2279 4494 2355 4554 The
2382 4496 2464 4556 text
2485 4496 2512 4556 is
2539 4496 2751 4556 illustrated
2784 4496 2866 4556 with
2903 4496 2942 4556 15
2969 4496 3159 4556 full-page
3186 4496 3414 4556 woodcuts.

2277 4588 2389 4648 206X
2426 4588 2494 4648 149
2538 4588 2656 4648 mm.
2706 4586 2973 4646 Imperfect,
3004 4584 3191 4644 wanting
3240 4584 3378 4644 leaves
3427 4585 3445 4645 1
3489 4588 3564 4648 and
3614 4588 3658 4648 8.

2224 4648 2373 4708 Sheets
2397 4648 2416 4708 c
2440 4648 2453 4708 3
2484 4651 2558 4711 and
2589 4648 2607 4708 d
2638 4648 2651 4708 2
2682 4648 2781 4708 have
2806 4648 2998 4708 changed
3028 4648 3165 4708 places
3189 4648 3220 4708 in
3252 4644 3462 4704 binding.
3493 4648 3641 4708 Bound

2211 4712 2246 4772 in
2287 4712 2749 4772 nineteenth-century
2789 4712 3058 4772 gold-tooled
3099 4708 3164 4768 red
3204 4708 3403 4768 morocco
3444 4712 3537 4772 with
3579 4712 3648 4772 the

2206 4776 2320 4836 arms
2352 4776 2396 4836 of
2422 4776 2618 4836 Thomas
2650 4772 2903 4832 Grenville.

2284 4848 2505 4908 Grenville
2534 4848 2642 4908 copy
2670 4848 2755 4908 (G.
2777 4852 2957 4912 10211).

3377 4848 3461 4908 IA.
3487 4855 3629 4915 52435

3519 4968 3599 5028 45
