4092 5700
314 536 750 596 HARTLIEB,
759 536 1007 596 JOHANN.
1046 532 1146 592 Die
1165 532 1354 592 Kunst
1363 530 1770 590 Chiromantia.

1202 612 1543 672 [Germany,
1570 615 1691 675 147.

374 691 481 751 DAs
510 692 610 752 nach
647 691 906 751 geschriben
941 689 1049 749 büch
1078 688 1157 748 von
1193 688 1264 748 der
1294 690 1430 750 hannd
1466 691 1566 751 hätt
1588 688 1659 748 zsu

313 752 475 812 teütsch
510 752 722 812 gemacht
751 748 920 808 Doctor
949 748 1125 808 hartlieb
1168 752 1295 812 durch
1331 752 1430 812 bett
1458 752 1535 812 vnd
1592 750 1670 810 hai

311 816 417 876 sung
447 812 523 872 der
553 808 931 868 durchleichtigen
968 809 1309 869 hochgebornen
1340 812 1491 872 furstin
1528 808 1582 868 fro
1612 805 1634 865 w

313 879 437 939 Anna
467 868 649 928 geboren
678 868 758 928 von
787 868 1152 928 praunschweigg
1182 872 1393 932 gemahel
1408 872 1480 932 dem
1532 872 1597 932 tug
1634 864 1684 924 êt

312 934 475 994 reichen
522 928 849 988 hochgelopten
896 928 1059 988 fursten
1106 931 1291 991 hertzog
1338 929 1528 989 Albrech
1576 932 1752 992 hertzog

310 996 354 1056 zü
390 992 522 1052 baifre
617 988 697 1048 vnd
733 990 850 1050 graff
879 990 924 1050 zû
960 987 1164 1047 voburg:
1209 992 1289 1052 das
1318 992 1377 1052 ist
1399 992 1655 1052 geschehen
1691 988 1735 1048 am

317 1052 452 1112 Fritag
489 1048 926 1108 nachocepcionis
955 1048 1084 1108 maria
1120 1048 1299 1108 virginis
1321 1050 1529 1110 gloriosis
1558 1052 1693 1112 1448.

376 1112 504 1172 Item.
532 1108 580 1168 So
613 1108 682 1168 wiß
709 1110 783 1170 das
810 1108 858 1168 du
886 1108 1008 1168 wirst
1028 1108 1171 1168 finden
1198 1112 1273 1172 vnd
1307 1112 1538 1172 vndericht
1558 1109 1722 1169 werden

310 1172 530 1232 zwaierlay
581 1168 688 1228 hend
732 1168 813 1228 von
858 1169 1047 1229 mannen
1097 1164 1172 1224 vnd
1223 1168 1298 1228 von
1342 1170 1506 1230 weiben
1550 1168 1626 1228 von
1676 1168 1765 1228 erst

306 1232 351 1292 so
425 1232 507 1292 hab
559 1228 655 1288 fleiß
707 1228 804 1288 auff
841 1228 907 1288 die
960 1228 1197 1288 gerechten
1249 1232 1398 1292 hannd
1450 1232 1501 1292 da
1546 1231 1746 1291 vindestu

312 1294 381 1354 die
416 1294 513 1354 aige
555 1288 700 1348 schaft
728 1288 805 1348 der
846 1288 1034 1348 mannen
1075 1288 1151 1348 dar
1186 1288 1290 1348 nach
1332 1292 1408 1352 hab
1450 1289 1547 1349 acht
1582 1288 1672 1348 auff
1700 1288 1762 1348 die

317 1352 536 1412 gelincken
624 1351 770 1411 hannd
820 1348 871 1408 So
908 1351 1069 1411 sichstu
1112 1348 1193 1408 der
1229 1348 1404 1408 Frawen
1448 1348 1615 1408 gemiet
1645 1348 1754 1408 nach

308 1412 412 1472 aller
453 1409 619 1469 ordnüg
731 1409 834 1469 auch
882 1408 952 1468 sol
987 1410 1056 1470 dir
1090 1408 1167 1468 das
1208 1408 1319 1468 lesen
1361 1412 1506 1472 nichtz
1540 1408 1658 1468 wann
1700 1406 1755 1466 du

310 1472 430 1532 nicht
452 1472 557 1532 acht
579 1469 713 1529 haust
780 1470 877 1530 auff
899 1468 967 1528 die
997 1471 1079 1531 lini
1094 1472 1176 1532 der
1198 1472 1348 1532 selben
1377 1472 1519 1532 hand.

320 1532 390 1592 cut
411 1528 460 1588 of
482 1528 545 1588 the
580 1530 735 1590 author
763 1529 1010 1589 presenting
1045 1532 1108 1592 his
1137 1529 1249 1589 book
1285 1529 1320 1589 to
1355 1532 1425 1592 the
1461 1532 1672 1592 princess,
1694 1526 1757 1586 the

310 1592 465 1652 names
521 1588 712 1648 hartlieb
776 1592 860 1652 and
924 1592 1080 1652 anna'
1116 1592 1243 1652 being
1292 1592 1462 1652 printed
1511 1591 1645 1651 above
1695 1588 1759 1648 the

317 1652 507 1712 figures.

359 1724 406 1784 44
432 1720 573 1780 figures
599 1719 640 1779 of
667 1720 787 1780 hands
820 1720 1000 1780 preceded
1040 1720 1081 1780 by
1114 1720 1134 1780 a
1167 1720 1241 1780 title
1274 1720 1348 1780 and
1381 1720 1474 1780 page
1508 1720 1548 1780 of
1575 1720 1668 1780 text,
1695 1718 1761 1778 and

314 1770 479 1830 enclosed
518 1768 547 1828 in
581 1768 598 1828 a
632 1768 773 1828 printed
814 1768 990 1828 wrapper
1018 1768 1046 1828 in
1080 1768 1267 1828 imitation
1302 1768 1342 1828 of
1364 1768 1381 1828 a
1415 1768 1563 1828 leather
1591 1768 1774 1828 binding,

313 1820 390 1880 with
426 1816 485 1876 the
521 1816 628 1876 short
658 1816 765 1876 title:
794 1812 865 1872 Die
895 1816 1014 1876 kunst
1038 1816 1293 1876 Ciromantia.
1347 1816 1382 1876 In
1418 1816 1477 1876 the
1513 1816 1596 1876 first
1619 1816 1756 1876 edition

313 1868 396 1928 only
413 1868 478 1928 one
502 1865 579 1925 side
609 1864 644 1924 of
662 1864 722 1924 the
751 1860 863 1920 paper
887 1864 916 1924 is
935 1864 1100 1924 printed,
1118 1864 1148 1924 so
1177 1867 1260 1927 that
1278 1868 1289 1928 a
1313 1864 1497 1924 complete
1514 1865 1604 1925 copy
1627 1864 1757 1924 should

313 1919 546 1979 presumably
575 1915 668 1975 have
703 1912 744 1972 48
773 1912 924 1972 leaves.
971 1912 1012 1972 In
1047 1912 1105 1972 the
1140 1916 1233 1976 later
1262 1916 1425 1976 edition,
1443 1916 1484 1976 of
1507 1916 1623 1976 which
1658 1914 1763 1974 three

313 1964 429 2024 issues
458 1966 539 2026 may
574 1964 615 2024 be
649 1964 951 2024 distinguished,
974 1960 1079 2020 there
1108 1964 1171 2024 are
1206 1964 1247 2024 26
1281 1964 1403 2024 leaves
1432 1966 1473 2026 or
1502 1964 1542 2024 52
1577 1964 1716 2024 pages,
1734 1961 1768 2021 of

311 2011 421 2071 which
462 2012 532 2072 pp.
549 2016 584 2076 2,
614 2014 649 2074 3,
677 2012 736 2072 50,
753 2012 824 2072 and
858 2012 905 2072 51
934 2012 992 2072 are
1027 2012 1167 2072 blank.
1231 2012 1307 2072 The
1342 2015 1418 2075 last
1446 2012 1511 2072 two
1546 2012 1669 2072 issues
1703 2008 1767 2068 are

314 2064 438 2124 signed
481 2060 568 2120 lorg
604 2060 660 2120 (or
691 2060 734 2120 by
759 2060 771 2120 a
802 2060 1013 2120 misprint'
1025 2060 1155 2120 Irog')
1173 2061 1334 2121 Schapff
1358 2064 1390 2124 zu
1427 2064 1674 2124 Augspurg',
1693 2061 1760 2121 and

321 2112 475 2172 Schapff
488 2112 514 2172 is
539 2112 668 2172 known
701 2112 727 2172 to
759 2112 849 2172 have
875 2112 965 2172 been
997 2112 1107 2172 living
1132 2112 1171 2172 at
1190 2112 1390 2172 Augsburg
1422 2114 1447 2174 in
1480 2112 1589 2172 1478.

395 2179 480 2239 This
510 2180 740 2240 fragment
768 2184 956 2244 consists
984 2183 1028 2243 of
1057 2184 1128 2244 the
1165 2184 1423 2244 title-page,
1445 2184 1524 2244 and
1568 2184 1661 2244 6th,
1683 2184 1747 2244 8th

320 2244 440 2304 19th,
461 2244 582 2304 25th,
603 2244 731 2304 3oth,
759 2241 894 2301 32nd,
915 2244 1043 2304 4oth,
1064 2244 1185 2304 41st,
1199 2244 1277 2304 and
1312 2244 1411 2304 45th
1447 2244 1702 2304 woodcuts,
1716 2244 1774 2304 all

323 2304 480 2364 printed
516 2302 559 2362 on
595 2300 674 2360 one
703 2300 788 2360 side
824 2300 868 2360 of
889 2303 961 2363 the
989 2304 1083 2364 leaf
1097 2304 1190 2364 only
1227 2303 1319 2363 with
1348 2304 1470 2364 black
1513 2304 1607 2364 ink.
1664 2303 1756 2363 The

315 2360 402 2420 cuts
449 2360 495 2420 of
530 2360 696 2420 hands,
724 2360 850 2420 being
910 2362 1078 2422 printed
1131 2364 1232 2424 only
1278 2361 1332 2421 on
1386 2364 1466 2424 one
1506 2364 1593 2424 side
1640 2363 1766 2423 must

315 2420 463 2480 belong
498 2421 534 2481 to
562 2421 625 2481 the
654 2424 745 2484 first
767 2424 957 2484 edition.
1014 2421 1106 2481 The
1141 2424 1395 2484 title-page,
1409 2424 1543 2484 which
1572 2424 1607 2484 is
1635 2423 1770 2483 muti-

319 2480 423 2540 lated
457 2484 499 2544 at
527 2480 596 2540 the
623 2477 707 2537 left
728 2480 797 2540 top
838 2483 990 2543 corner
1018 2484 1095 2544 and
1129 2483 1219 2543 also
1247 2480 1371 2540 down
1406 2482 1475 2542 the
1510 2480 1628 2540 right
1656 2483 1773 2543 side,

319 2537 400 2597 was
434 2544 678 2604 purchased
718 2544 970 2604 separately
1004 2544 1085 2604 and
1119 2544 1153 2604 is
1180 2544 1404 2604 described
1438 2540 1492 2600 by
1526 2544 1763 2604 Schreiber

317 2598 361 2658 as
383 2604 610 2664 belonging
646 2603 682 2663 to
720 2604 785 2664 the
822 2604 932 2664 third
968 2604 1077 2664 issue
1115 2604 1158 2664 of
1180 2604 1253 2664 the
1282 2601 1436 2661 second
1472 2600 1663 2660 edition.

383 2676 467 2736 The
495 2676 594 2736 nine
629 2679 862 2739 woodcuts
890 2680 940 2740 of
968 2684 1110 2744 hands
1145 2680 1385 2740 purchased
1427 2680 1455 2740 in
1498 2680 1773 2740 November,

325 2739 448 2799 1864,
471 2740 536 2800 the
572 2740 799 2800 title-page
843 2740 872 2800 in
915 2740 1054 2800 June,
1069 2740 1200 2800 1872.
1266 2740 1354 2800 The
1383 2740 1514 2800 latter
1551 2736 1639 2796 from
1689 2738 1762 2798 the

331 2800 499 2860 Weigel
514 2800 746 2860 collection
786 2800 897 2860 (No.
922 2800 1041 2860 286).

1617 2799 1710 2859 IB.
1728 2800 1775 2860 8.

325 2924 788 2984 KALENDER.
869 2928 1120 2988 Cunradt
1150 2924 1501 2984 Kachelouen

1270 3008 1535 3068 Leipzig,
1567 3009 1748 3069 1493:

382 3072 443 3132 1b.
466 3084 604 3144 Circle
643 3087 712 3147 for
743 3088 904 3148 finding
950 3088 1019 3148 the
1065 3084 1241 3144 Sunday
1279 3084 1425 3144 letter,
1456 3084 1548 3144 &c.,
1571 3084 1755 3144 beneath

320 3138 404 3198 this
440 3142 510 3202 the
553 3144 757 3204 imprint,
793 3145 997 3205 Cunradt
1040 3146 1357 3206 Kachelouen.
1421 3140 1484 3200 22.
1519 3144 1661 3204 Circle
1703 3141 1766 3201 for

320 3201 474 3261 finding
525 3204 598 3264 the
634 3204 796 3264 golden
847 3208 1066 3268 number.
1133 3204 1198 3264 2b.
1228 3204 1360 3264 Table
1403 3202 1455 3262 of
1491 3204 1653 3264 Lents.
1711 3199 1754 3259 32

322 3260 451 3320 Circle
492 3264 587 3324 with
628 3264 703 3324 the
744 3264 894 3324 names
935 3264 982 3324 of
1009 3264 1078 3324 the
1118 3264 1241 3324 signs
1275 3264 1330 3324 of
1357 3264 1432 3324 the
1473 3264 1649 3324 zodiac.

320 3317 511 3377 Diagram
560 3324 821 3384 illustrating
850 3328 920 3388 the
949 3324 1162 3384 influence
1190 3324 1232 3384 of
1254 3324 1324 3384 the
1352 3320 1466 3380 signs
1494 3324 1536 3384 on
1564 3322 1770 3382 different

322 3378 433 3438 parts
461 3381 502 3441 of
516 3384 586 3444 the
613 3384 773 3444 human
801 3384 947 3444 body.
1002 3381 1156 3441 4——9b.
1176 3384 1398 3444 Calendar
1419 3384 1460 3444 of
1482 3384 1551 3444 the
1572 3384 1781 3444 months.

324 3436 415 3496 102.
438 3443 569 3503 Table
591 3444 638 3504 of
653 3444 722 3504 the
745 3447 868 3507 lucky
898 3447 975 3507 and
1006 3444 1190 3504 unlucky
1220 3444 1328 3504 days
1351 3444 1412 3504 for
1435 3444 1580 3504 letting
1619 3444 1772 3504 blood.

370 3520 535 3580 Octavo.
577 3520 664 3580 Ja'.
728 3524 765 3584 10
800 3528 944 3588 leaves,
958 3528 1102 3588 printed
1138 3528 1217 3588 with
1245 3528 1353 3588 black
1382 3528 1440 3588 ink
1468 3525 1511 3585 on
1540 3527 1626 3587 both
1655 3524 1776 3584 sides,

316 3568 374 3628 the
403 3572 694 3632 corresponding
735 3572 851 3632 pages
880 3576 921 3636 at
945 3576 1008 3636 the
1038 3573 1107 3633 two
1142 3576 1235 3636 ends
1264 3576 1306 3636 of
1329 3576 1392 3636 the
1422 3576 1620 3636 gathering
1655 3572 1765 3632 being

320 3616 457 3676 printed
489 3621 562 3681 from
601 3624 620 3684 a
646 3622 765 3682 single
791 3624 921 3684 block.
967 3622 1045 3682 The
1071 3624 1150 3684 first
1170 3624 1235 3684 and
1268 3624 1339 3684 last
1359 3624 1477 3684 pages
1496 3624 1634 3684 blank.
1686 3624 1764 3684 The

321 3664 459 3724 printed
497 3672 635 3732 portion
679 3671 717 3731 of
749 3670 812 3730 the
843 3669 944 3729 third
982 3671 1076 3731 page
1107 3672 1302 3732 measures
1340 3672 1441 3732 100x
1459 3668 1503 3728 79
1535 3672 1636 3732 mm.
1686 3670 1761 3730 The

321 3712 446 3772 blocks
477 3720 654 3780 probably
691 3716 817 3776 copied
855 3718 937 3778 from
981 3720 1088 3780 much
1132 3720 1264 3780 earlier
1295 3720 1497 3780 originals.
1553 3720 1679 3780 Those
1711 3720 1767 3780 for

320 3760 378 3820 the
412 3767 586 3827 calendar
621 3764 662 3824 of
685 3768 743 3828 the
777 3768 928 3828 months
957 3768 1021 3828 are
1056 3768 1201 3828 similar
1229 3768 1258 3828 in
1294 3768 1421 3828 design
1462 3768 1491 3828 to
1525 3766 1583 3826 the
1618 3768 1699 3828 cuts
1734 3768 1757 3828 in

321 3808 379 3868 the
411 3813 533 3873 Mainz
559 3816 732 3876 almanac
764 3816 854 3876 (IA.
873 3816 957 3876 12),
976 3816 1040 3876 but
1072 3817 1194 3877 better
1213 3817 1290 3877 cut.
1335 3820 1489 3880 Conrad
1521 3816 1758 3876 Kachelouen

328 3856 467 3916 worked
496 3864 532 3924 at
555 3864 701 3924 Leipzig
730 3864 803 3924 from
847 3868 935 3928 1485
964 3868 993 3928 to
1023 3866 1133 3926 1509.

390 3928 503 3988 150X
535 3932 608 3992 100
640 3939 753 3999 mm.
817 3938 914 3998 The
963 3936 1059 3996 cuts
1100 3940 1172 4000 are
1221 3940 1463 4000 coloured.
1519 3940 1785 4000 Imperfect,

328 3992 503 4052 wanting
547 3992 694 4052 leaves
737 3992 759 4052 5
795 3998 876 4058 and
927 3996 971 4056 6,
1007 3999 1081 4059 the
1124 4000 1373 4060 innermost
1409 4000 1556 4060 leaves
1606 3998 1657 4058 of
1702 4000 1774 4060 the

326 4054 546 4114 gathering
588 4058 867 4118 (Schreiber,
884 4060 944 4120 iv.
969 4060 1045 4120 414
1070 4060 1180 4120 sq.).

392 4126 569 4186 Bought
590 4134 621 4194 in
663 4136 840 4196 March,
861 4136 996 4196 1853.

1592 4136 1687 4196 IA.
1707 4139 1783 4199 11.

329 4264 802 4324 KALENDER.

750 4345 923 4405 Peter
951 4346 1316 4406 Schoeffer?]
1345 4348 1557 4408 Mentz,

1596 4350 1787 4410 1493.)

381 4404 443 4464 1*.
474 4413 693 4473 Getruckt
717 4420 756 4480 zu
787 4422 967 4482 Mentz.
1014 4420 1303 4480 [Concentric
1335 4416 1522 4476 circles.]
1577 4418 1671 4478 Item
1725 4420 1764 4480 In

327 4465 399 4525 dem
448 4472 617 4532 aussern
657 4480 818 4540 zirckel
842 4480 1044 4540 vindestu
1125 4480 1189 4540 die
1221 4480 1382 4540 guldem
1439 4479 1519 4539 zal.
1576 4477 1624 4537 In
1665 4480 1745 4540 dem

319 4528 477 4588 andern
534 4536 609 4596 sun
642 4536 718 4596 tag
767 4540 991 4600 buchstab
1041 4540 1082 4600 In
1141 4536 1223 4596 dem
1290 4536 1448 4596 dritten
1505 4540 1779 4600 schalftliar.

330 4587 491 4647 Leghin
527 4589 572 4649 93
608 4596 674 4656 lar
703 4596 776 4656 heb
813 4597 857 4657 an
893 4600 937 4660 zu
974 4600 1091 4660 zelen
1164 4596 1244 4656 bey
1281 4600 1354 4660 dem
1413 4600 1662 4660 Creutzlin.
1720 4591 1763 4651 8b

323 4644 460 4704 END:
494 4652 580 4712 Die
606 4654 717 4714 vierd
752 4660 932 4720 goltfast
950 4656 1009 4716 ist
1026 4660 1155 4720 albeg
1190 4660 1249 4720 Am
1293 4660 1472 4720 nechste
1533 4660 1764 4720 Mittwoch

326 4704 427 4764 nach
464 4712 584 4772 Sand
612 4716 751 4776 lucien
787 4720 888 4780 tag.

1882 512 2052 572 Octavo.
2097 512 2172 572 Jas.
2236 508 2248 568 8
2286 512 2432 572 leaves,
2450 512 2595 572 printed
2627 512 2709 572 with
2747 512 2854 572 black
2892 512 2949 572 ink
2981 512 3018 572 on
3056 512 3138 572 both
3176 512 3297 572 sides.

1833 557 1884 617 On
1924 560 1980 620 the
2020 560 2116 620 recto
2156 560 2196 620 of
2224 560 2287 620 the
2320 560 2400 620 first
2428 560 2507 620 leaf
2530 560 2593 620 are
2627 560 2757 620 circles
2791 560 2848 620 for
2876 560 3018 620 finding
3052 559 3114 619 the
3148 559 3278 619 golden

1827 609 2010 669 number,
2038 608 2121 668 &c.,
2138 609 2187 669 for
2216 608 2276 668 the
2304 608 2415 668 years
2448 609 2693 669 1493-1510:
2715 608 2842 668 leaves
2876 600 3003 660 1b-7a,
3020 606 3076 666 the
3109 608 3286 668 calendar

1829 655 1884 715 for
1918 660 1973 720 the
2006 656 2134 716 twelve
2173 656 2357 716 months;
2384 649 2423 709 7°
2468 656 2623 716 diagram
2673 656 2896 716 illustrating
2934 655 2996 715 the
3034 656 3212 716 influence
3257 654 3295 714 of

1824 704 1880 764 the
1914 704 2017 764 signs
2040 705 2080 765 of
2103 707 2160 767 the
2200 708 2326 768 zodiac
2354 704 2394 764 on
2423 708 2606 768 different
2628 707 2731 767 parts
2760 708 2800 768 of
2823 704 2880 764 the
2908 704 3046 764 human
3080 704 3211 764 body;
3239 696 3273 756 8a

1829 756 1923 816 table
1961 756 2006 816 of
2031 756 2137 816 lucky
2170 754 2245 814 and
2283 756 2440 816 unlucky
2472 755 2566 815 days
2604 756 2661 816 for
2693 756 2825 816 letting
2863 756 3008 816 blood;
3033 748 3089 808 8°,
3114 754 3216 814 table
3253 748 3291 808 of

1832 808 1962 868 Lents.
2006 804 2081 864 The
2109 804 2238 864 blocks
2261 804 2401 864 appear
2423 804 2450 864 to
2477 804 2564 864 have
2597 804 2678 864 been
2711 804 2835 864 copied
2863 804 2938 864 from
2981 804 2992 864 a
3025 801 3128 861 much
3155 800 3285 860 earlier

1823 856 2005 916 original.
2056 849 2108 909 On
2142 856 2204 916 the
2238 852 2318 912 first
2346 852 2465 912 page,
2482 856 2573 916 close
2602 852 2631 912 to
2665 852 2721 912 the
2755 852 2943 912 diagram,
2960 852 3022 912 are
3057 852 3119 912 two
3147 851 3284 911 initials

1828 904 2013 964 variously
2055 901 2142 961 read
2182 904 2223 964 as
2264 903 2386 963 N.D.
2415 900 2485 960 and
2531 904 2658 964 N.G.
2682 900 2874 960 (?G.N.),
2903 901 2966 961 the
3008 900 3141 960 letters
3176 900 3286 960 being

1830 952 2025 1012 reversed.
2075 952 2194 1012 There
2226 952 2286 1012 are
2324 952 2400 1012 also
2438 952 2504 1012 two
2541 952 2704 1012 shields,
2732 949 2818 1009 that
2846 948 2884 1008 on
2927 950 2987 1010 the
3025 948 3128 1008 right
3155 948 3297 1008 blank,

1828 998 1914 1058 that
1941 1000 1979 1060 on
2018 1000 2077 1060 the
2109 1000 2174 1060 left
2202 1000 2353 1060 bearing
2391 1000 2402 1060 a
2440 1000 2576 1060 castle,
2597 1000 2705 1060 above
2744 1000 2857 1060 which
2889 999 2949 1059 are
2982 999 3084 1059 three
3117 996 3220 1056 hills,
3241 999 3279 1059 on

1827 1048 1915 1108 each
1943 1048 1982 1108 of
1999 1048 2109 1108 which
2137 1048 2160 1108 is
2176 1048 2187 1108 a
2215 1048 2487 1108 conventional
2498 1048 2592 1108 tree.
2619 1048 2692 1108 The
2714 1048 2831 1108 words
2853 1044 2864 1104 “
2875 1047 3063 1107 Getruckt
3080 1044 3107 1104 zu
3136 1044 3263 1104 Mentz

1823 1093 1886 1153 are
1920 1095 2067 1155 printed
2108 1096 2142 1156 in
2176 1096 2238 1156 the
2273 1096 2397 1156 larger
2426 1096 2466 1156 of
2488 1098 2550 1158 the
2591 1096 2659 1156 two
2687 1096 2795 1156 types
2829 1094 2915 1154 used
2954 1092 2994 1152 by
3029 1096 3216 1156 Schoeffer
3250 1096 3278 1156 in

1831 1144 1884 1204 the
1926 1144 2080 1204 Breslau
2115 1144 2257 1204 Missal
2281 1146 2328 1206 of
2363 1148 2452 1208 1483
2482 1148 2606 1208 (Type
2641 1144 2772 1204 1494),
2801 1144 2872 1204 and
2908 1144 3067 1204 perhaps
3097 1144 3215 1204 N.G.
3245 1140 3286 1200 or

1828 1192 1881 1252 N.
1893 1192 1947 1252 D.
1977 1194 2060 1254 took
2101 1196 2155 1256 his
2190 1196 2327 1256 blocks
2357 1196 2392 1256 to
2428 1192 2630 1252 Schoeffer
2659 1192 2695 1252 to
2731 1192 2773 1252 be
2808 1193 2974 1253 printed.
3022 1192 3099 1252 The
3141 1192 3283 1252 printed

1825 1244 1965 1304 portion
2002 1244 2039 1304 of
2057 1244 2113 1304 the
2143 1244 2235 1304 third
2265 1244 2357 1304 page
2381 1244 2577 1304 measures
2602 1244 2663 1304 116
2688 1241 2700 1301 x
2725 1242 2767 1302 81
2792 1243 2890 1303 mm.

1890 1326 1963 1386 128
1994 1328 2091 1388 x96
2120 1328 2232 1388 mm.
2292 1328 2389 1388 The
2426 1328 2523 1388 cuts
2552 1328 2627 1388 are
2656 1328 2895 1388 coloured.
2954 1325 3044 1385 The
3081 1321 3178 1381 first
3207 1325 3297 1385 leaf

1822 1388 1853 1448 is
1884 1388 2077 1448 cropped
2108 1388 2231 1448 along
2269 1385 2339 1445 the
2370 1388 2455 1448 side
2493 1388 2772 1448 (Schreiber,
2795 1387 2848 1447 iv.
2871 1384 3127 1444 411-413).

1889 1464 2105 1524 Bought.

3099 1463 3195 1523 IA.
3215 1464 3291 1524 12.

1844 1605 2254 1665 MIRABILIA
2307 1605 2622 1665 ROMAE.

3021 1607 3093 1667 (c.
3114 1608 3298 1668 1475.)

1892 1685 1954 1745 22.
1989 1688 2080 1748 Item
2142 1692 2177 1752 in
2232 1688 2309 1748 dem
2379 1688 2607 1748 puechlein
2677 1688 2767 1748 stet
2823 1688 3108 1748 geschrieben
3170 1683 3239 1743 wie

1838 1751 1972 1811 Rome
2035 1750 2240 1810 gepauet
2296 1747 2409 1807 ward
2479 1748 2564 1808 vnd
2627 1748 2769 1808 vodem
2853 1748 2959 1808 erste
3044 1744 3178 1804 kunig
3213 1744 3228 1804 .
3249 1744 3263 1804 .
3284 1744 3298 1804 .

2405 1805 2567 1865 ROma
2596 1808 2758 1868 ciuitas
2787 1808 2875 1868 scta
2957 1804 3111 1864 Caput
3133 1804 3294 1864 mundi

1842 1804 1898 1864 32.
1927 1808 2146 1868 IMPIVM.
2174 1808 2350 1868 ROMA.

1886 1866 1977 1926 Von
2006 1872 2253 1932 anbeginne
2338 1864 2416 1924 der
2444 1868 2543 1928 welt
2571 1868 2585 1928 M
2635 1868 2727 1928 cccc
2805 1864 2890 1924 vnd
2925 1864 2939 1924 l
2961 1864 3045 1924 iare
3074 1864 3123 1924 do
3151 1864 3286 1924 throia

2405 1928 2476 1988 dem
2540 1928 2818 1988 Krycischem
2868 1924 3032 1984 kayser
3061 1924 3239 1984 vndd

1873 1928 2068 1988 erstoret
2098 1929 2207 1989 ward
2250 1928 2330 1988 von

1831 1991 1987 2051 fursten
2035 1988 2110 2048 vnd
2158 1991 2260 2051 hern
2301 1988 2444 2048 fluhen
2539 1988 2621 2048 von
2669 1986 2750 2046 der
2778 1984 2955 2044 grossen
3003 1984 3092 2044 stat
3126 1984 3282 2044 throya

2340 2044 2438 2104 28°.
2467 2048 2551 2108 Hie
2587 2048 2671 2108 her
2700 2048 2806 2108 nach
2848 2047 2940 2107 stet
2968 2041 3229 2101 geschriben

1835 2048 1906 2108 auf
1931 2052 2007 2112 dem
2058 2049 2256 2109 mere..

1829 2108 1895 2168 die
1932 2110 2103 2170 genade
2140 2112 2214 2172 vnd
2252 2112 2378 2172 ablas
2408 2108 2490 2168 vnd
2534 2108 2616 2168 das
2638 2105 2816 2165 heyltum
2876 2101 2965 2161 Bey
3010 2103 3084 2163 den
3129 2101 3277 2161 Syben

1831 2171 1974 2231 haubt
2010 2171 2204 2231 kyrchen
2254 2169 2334 2229 vnd
2376 2169 2484 2229 allen
2535 2168 2722 2228 kyrchen
2772 2168 2815 2228 zu
2916 2164 3067 2224 Rome
3110 2164 3190 2224 vnd
3232 2160 3298 2220 vil

1835 2232 2230 2292 wunderczaichen
2286 2228 2364 2288 vnd
2392 2228 2653 2288 geschiecht
2667 2228 2703 2288 so
2731 2228 2773 2288 zu
2801 2228 2943 2288 Rome
2971 2227 3020 2287 ist
3070 2224 3282 2284 gescheen

1834 2285 1911 2345 vnd
1946 2292 2052 2352 auch
2087 2290 2165 2350 alle
2193 2288 2334 2348 Stacio
2384 2292 2454 2352 nes
2482 2292 2511 2352 in
2539 2288 2729 2348 kyrchen
2757 2288 2863 2348 vber
2877 2284 2990 2344 iare.
3047 2284 3146 2344 92b.
3174 2284 3287 2344 Also

1831 2350 1911 2410 hat
1933 2352 2013 2412 das
2042 2352 2144 2412 puch
2180 2352 2261 2412 ayn
2297 2352 2370 2412 end
2458 2351 2523 2411 ihs
2552 2350 2633 2410 vns
2655 2348 2765 2408 allen
2801 2346 2962 2406 kumer
2991 2344 3107 2404 wend
3180 2346 3217 2406 A

1839 2417 1969 2477 PNS.
1991 2412 2158 2472 PTVM.
2181 2412 2463 2472 FVTVRVM.

1885 2508 2057 2568 Octavo.
2147 2508 2204 2568 2
2221 2502 2287 2562 abl
2319 2496 2368 2556 c'2
2426 2496 2483 2556 d'2
2499 2500 2647 2560 efgl2
2663 2496 2778 2556 h12t.

2885 2504 2929 2564 92
2964 2504 3112 2564 leaves,
3139 2504 3278 2564 printed

1826 2556 1904 2616 with
1944 2560 2049 2620 black
2088 2560 2147 2620 ink
2186 2560 2232 2620 on
2272 2560 2357 2620 both
2396 2556 2495 2616 sides
2527 2556 2567 2616 of
2593 2559 2652 2619 the
2685 2556 2776 2616 leaf.
2822 2552 2921 2612 Leaf
2947 2549 2986 2609 4e
3019 2551 3084 2611 has
3124 2552 3157 2612 20
3190 2551 3288 2611 lines

1825 2606 1868 2666 of
1899 2608 1992 2668 text,
2016 2608 2084 2668 and
2121 2608 2313 2668 measures
2350 2605 2412 2665 108
2436 2604 2448 2664 x
2473 2604 2511 2664 70
2547 2604 2671 2664 mm.;
2696 2604 2770 2664 leaf
2795 2599 2862 2659 68b
2894 2599 2961 2659 has
2998 2596 3036 2656 19
3073 2600 3190 2660 lines,
3215 2599 3282 2659 and

1825 2656 2024 2716 measures
2054 2654 2114 2714 105
2138 2652 2211 2712 X70
2241 2656 2344 2716 mm.
2386 2652 2489 2712 With
2519 2655 2682 2715 pictures
2712 2651 2755 2711 of
2779 2648 2882 2708 Rhea
2924 2648 3032 2708 Silvia
3068 2648 3099 2708 in
3135 2644 3286 2704 prayer.

1830 2700 1870 2760 of
1890 2704 1950 2764 the
1984 2704 2185 2764 exhibition
2218 2704 2258 2764 of
2285 2704 2345 2764 the
2379 2704 2572 2764 Vernicle,
2592 2703 2659 2763 and
2693 2700 2740 2760 of
2760 2700 2820 2760 the
2854 2696 3027 2756 Vernicle
3061 2696 3201 2756 upheld
3235 2691 3281 2751 by

1825 2748 1891 2808 two
1928 2754 2061 2814 angels
2091 2752 2183 2812 over
2213 2752 2268 2812 the
2304 2752 2407 2812 arms
2431 2752 2474 2812 of
2499 2752 2626 2812 Sixtus
2657 2748 2741 2808 IV;
2766 2748 2832 2808 and
2863 2748 2948 2808 with
2979 2744 3106 2804 initial
3130 2744 3289 2804 borders

1825 2804 1856 2864 to
1887 2804 1942 2864 the
1968 2804 2172 2864 beginning
2203 2804 2241 2864 of
2260 2804 2315 2864 the
2340 2804 2421 2864 text
2440 2804 2508 2864 and
2533 2800 2576 2860 of
2589 2800 2650 2860 the
2676 2800 2812 2860 second
2837 2800 2936 2860 part.

1879 2880 1957 2940 Cut
1987 2877 2036 2937 by
2072 2879 2235 2939 German
2272 2880 2550 2940 woodcutters,
2574 2876 2641 2936 but
2671 2876 2853 2936 probably
2890 2872 3035 2932 printed
3071 2872 3113 2932 at
3143 2872 3289 2932 Rome,

1833 2928 1996 2988 perhaps
2029 2924 2068 2984 by
2107 2928 2212 2988 Ulric
2244 2928 2388 2988 Hahn,
2415 2924 2454 2984 by
2493 2927 2618 2987 whose
2650 2924 2867 2984 successor,
2899 2920 3056 2980 Stephan
3102 2921 3293 2981 Plannck,

1824 2976 1925 3036 some
1955 2976 1990 3036 of
2009 2976 2062 3036 the
2091 2976 2335 3036 ornamental
2353 2976 2484 3036 blocks
2507 2976 2597 3036 were
2626 2973 2715 3033 used
2746 2975 2775 3035 in
2805 2971 2817 3031 a
2846 2969 3090 3029 type-printed
3126 2968 3286 3028 edition.

1835 3024 1907 3084 Dr.
1931 3024 1985 3084 R.
2016 3024 2197 3084 Ehwald,
2221 3024 2245 3084 in
2288 3025 2306 3085 a
2342 3024 2487 3084 preface
2523 3024 2553 3084 to
2584 3024 2644 3084 the
2680 3024 2862 3084 facsimile
2892 3020 2935 3080 of
2953 3016 3013 3076 the
3043 3016 3164 3076 Gotha
3194 3016 3279 3076 copy

1836 3072 2027 3132 published
2065 3072 2108 3132 by
2144 3072 2200 3132 the
2237 3072 2405 3132 Weimar
2435 3075 2695 3135 Gesellschaft
2720 3072 2788 3132 der
2819 3072 3072 3132 Bibliophilen
3116 3068 3140 3128 in
3183 3069 3295 3129 1905,

1831 3124 2000 3184 ascribes
2020 3124 2050 3184 it
2070 3124 2101 3184 to
2132 3124 2402 3184 Nuremburg.

1898 3214 1969 3274 155
2001 3217 2017 3277 X
2049 3212 2128 3272 100
2167 3212 2287 3272 mm.
2342 3212 2382 3272 In
2430 3212 2525 3272 this
2565 3212 2676 3272 copy
2724 3211 2795 3271 the
2851 3208 2938 3268 leaf
2977 3208 3161 3268 bearing
3208 3207 3279 3267 the

1838 3272 1998 3332 picture
2042 3272 2085 3332 of
2114 3272 2188 3332 the
2224 3272 2421 3332 Vernicle
2464 3272 2617 3332 upheld
2662 3268 2712 3328 by
2756 3266 2837 3326 two
2873 3260 3026 3320 angels
3070 3264 3172 3324 over
3208 3267 3281 3327 the

1832 3336 1947 3396 arms
1975 3335 2026 3395 of
2055 3332 2214 3392 Sixtus
2242 3332 2293 3392 IV
2336 3332 2487 3392 occurs
2516 3331 2660 3391 before
2696 3332 2782 3392 leaf
2811 3328 2890 3388 56.

3106 3410 3196 3470 IA.
3215 3409 3306 3469 28.

1893 3416 2079 3476 Bought
2105 3416 2138 3476 in
2173 3416 2299 3476 July,
2325 3417 2452 3477 1857.

1850 3556 2203 3616 MULLER,
2249 3560 2511 3620 JoHANN,
2558 3554 2615 3614 of
2660 3553 3014 3613 Königsberg
3060 3548 3289 3608 [REGIO-

2331 3640 2642 3700 Kalender,
2670 3632 2963 3692 1475-1530
3000 3635 3055 3695 Or
3091 3632 3247 3692 1531.

1907 3640 2269 3700 MONTANUS).

2171 3719 2317 3779 [Sold
2357 3716 2416 3776 by
2465 3720 2621 3780 Hans
2652 3716 3004 3776 briefftruck?

2714 3796 3086 3856 Nuremberg,
3108 3796 3293 3856 1474.)

1906 3894 1970 3954 1b.
2015 3907 2171 3967 .1475.
2217 3904 2364 3964 .1494.
2410 3900 2565 3960 .1513.
2612 3900 2676 3960 2°.
2703 3897 2850 3957 Janer.
2895 3895 3051 3955 Sunne
3097 3892 3291 3952 Monde.

1847 3956 1944 4016 28b.
1960 3962 2041 4022 line
2073 3960 2121 4020 32
2146 3960 2267 4020 :...
2299 3960 2404 4020 Also
2436 3960 2501 4020 ist
2533 3959 2743 4019 begriffen
2784 3952 2994 4012 kurtzlich
3034 3950 3099 4010 diß
3139 3952 3293 4012 kalen¬

1843 4020 1942 4080 ders
1989 4020 2095 4080 nucz
2127 4020 2203 4080 vnd
2234 4017 2472 4077 tuglichait
2495 4020 2595 4080 nach
2633 4016 2794 4076 meinem
2840 4012 3001 4072 slechte
3033 4008 3139 4068 tewt
3179 4008 3278 4068 sche

1846 4084 2140 4144 vndchlainem
2185 4080 2418 4140 vermugen
2479 4080 2691 4140 Magister
2713 4073 2879 4133 Johann
2902 4072 2977 4132 von
2999 4072 3286 4132 Kunsperck.

1844 4141 1917 4201 292
1975 4140 2106 4200 302.
2130 4140 2212 4200 Ein
2261 4140 2539 4200 instrument
2646 4136 2728 4196 der
2777 4132 3080 4192 verwandlung
3211 4128 3284 4188 der

2265 4192 2375 4252 324.
2427 4196 2521 4256 Der
2564 4196 2632 4256 loß
2674 4196 2769 4256 man
2820 4191 2906 4251 mit
2999 4190 3076 4250 den
3136 4192 3289 4252 zwelff

1840 4201 2061 4261 stunden.
2116 4194 2199 4254 31e

1835 4261 1987 4321 zeiche
2067 4260 2106 4320 zu
2147 4260 2274 4320 weler
2298 4260 2441 4320 yedlis
2498 4256 2602 4316 dint
2626 4256 2657 4316 im
2706 4252 2914 4312 meschn.

1886 4347 2055 4407 Quarto.
2102 4345 2140 4405 16
2178 4344 2409 4404 half-sheets
2440 4344 2601 4404 printed,
2624 4336 2755 4396 except
2778 4340 2839 4400 the
2871 4340 2971 4400 first,
2994 4340 3070 4400 with
3109 4336 3124 4396 a
3155 4338 3285 4398 double

1840 4398 1943 4458 block
1982 4398 2020 4458 on
2065 4396 2149 4456 both
2188 4396 2310 4456 sides,
2335 4396 2406 4456 and
2438 4392 2522 4452 with
2554 4392 2567 4452 a
2599 4390 2708 4450 letter
2741 4388 2960 4448 sometimes
2985 4384 3024 4444 on
3062 4387 3127 4447 the
3159 4384 3295 4444 under,

1837 4448 2058 4508 sometimes
2093 4448 2134 4508 on
2169 4445 2231 4505 the
2259 4444 2384 4504 upper
2411 4443 2487 4503 side
2514 4440 2674 4500 between
2708 4437 2771 4497 the
2805 4440 2867 4500 two
2895 4436 2985 4496 half
3006 4436 3158 4496 blocks.
3206 4435 3282 4495 The

1837 4496 2110 4556 arrangement
2131 4496 2172 4556 of
2185 4496 2240 4556 the
2274 4494 2308 4554 16
2335 4492 2561 4552 half-sheets
2582 4488 2609 4548 is
2630 4488 2671 4548 as
2691 4488 2869 4548 follows:

1890 4580 1928 4640 1.
1951 4576 2074 4636 Sheet
2098 4576 2174 4636 Jal,
2197 4576 2313 4636 under
2344 4573 2413 4633 side
2444 4572 2552 4632 blank
2575 4568 2590 4628 ;
2613 4570 2698 4630 used
2728 4568 2775 4628 as
2798 4571 2813 4631 a
2843 4572 3013 4632 wrapper
3036 4568 3074 4628 to
3098 4572 3159 4632 the
3182 4568 3289 4628 other

1847 4630 1885 4690 15
1918 4628 2060 4688 sheets,
2080 4624 2112 4684 so
2144 4624 2228 4684 that
2254 4624 2287 4684 it
2306 4620 2442 4680 makes
2468 4620 2597 4680 leaves
2623 4617 2643 4677 1
2668 4620 2740 4680 and
2778 4620 2836 4680 32.

1893 4676 1984 4736 2-5,
1998 4675 2083 4735 6-9,
2104 4672 2224 4732 sheets
2252 4668 2400 4728 [blede
2428 4668 2491 4728 and
2520 4668 2710 4728 [flghlil,
2724 4664 2794 4724 two
2815 4668 3034 4728 gatherings
3055 4664 3097 4724 of
3111 4664 3125 4724 8
3154 4660 3294 4720 leaves.

1897 4724 2030 4784 10-15,
2053 4724 2179 4784 sheets
2208 4720 2432 4780 (klmlno,
2454 4720 2469 4780 a
2498 4720 2699 4780 gathering
2736 4719 2774 4779 of
2803 4719 2840 4779 12
2870 4716 3019 4776 leaves,
3041 4716 3115 4776 from
3167 4712 3278 4772 which
