3989 5711
783 579 892 639 away
921 579 950 639 in
973 579 1071 639 this,
1088 575 1157 635 and
1186 575 1405 635 apparently
1439 575 1463 635 in
1497 575 1549 635 all
1566 575 1698 635 known
1728 575 1878 635 copies.

830 627 891 687 16,
909 627 1136 687 unlettered,
1154 627 1296 687 thicker
1320 627 1449 687 paper,
1467 627 1553 687 used
1577 627 1632 687 for
1651 627 1810 687 working
1841 627 2055 687 diagrams.
2099 623 2245 683 Printed

791 675 873 735 with
908 675 1030 735 brown
1065 675 1147 735 ink.

849 724 909 784 1°,
927 726 1018 786 table
1048 723 1085 783 of
1103 723 1157 783 the
1188 723 1248 783 new
1290 723 1351 783 and
1381 720 1454 780 full
1473 723 1576 783 moon
1612 723 1642 783 in
1679 723 1836 783 January
1866 721 1915 781 for
1939 721 1993 781 the
2024 719 2127 779 years
2157 724 2242 784 1475

790 775 898 835 1494,
928 775 1042 835 1513;
1077 772 1132 832 22,
1156 771 1336 831 calendar
1365 771 1420 831 for
1449 771 1647 831 January;
1677 769 1832 829 2b-132,
1857 771 1995 831 similar
2030 767 2150 827 tables
2186 771 2252 831 and

784 823 993 883 calendars
1023 823 1076 883 for
1100 819 1160 879 the
1189 819 1302 879 other
1327 819 1517 879 months;
1547 819 1630 879 13°,
1654 819 1779 879 Tauel
1803 819 1868 879 der
1893 819 2006 879 lande
2029 819 2101 879 vnd
2131 819 2226 879 stete

780 871 864 931 14°,
883 871 1082 931 diagrams
1106 869 1148 929 of
1172 869 1233 929 the
1269 870 1431 930 eclipses
1468 871 1510 931 of
1534 871 1595 931 the
1631 867 1697 927 sun
1739 871 1806 931 and
1848 867 1981 927 moon,
2011 867 2228 927 1475-1530

796 923 879 983 192,
903 919 1010 979 Vonn
1046 919 1111 979 der
1141 919 1271 979 gulden
1307 919 1367 979 zal
1390 922 1402 982 .
1426 923 1438 983 .
1462 923 1480 983 .
1503 915 1581 975 Von
1616 919 1682 979 dem
1735 919 1866 979 suntag
1901 915 2133 975 puchstabe.
2187 916 2246 976 190

800 967 874 1027 Von
914 967 976 1027 den
1021 967 1272 1027 beweglichen
1311 967 1454 1027 festen.
1505 967 1591 1027 20°,
1613 967 1733 1027 Tauel
1767 967 1829 1027 der
1864 967 2113 1027 beweglichen
2154 963 2268 1023 feste.

789 1016 882 1076 21e,
912 1015 987 1075 Wie
1022 1018 1080 1078 mä
1115 1019 1161 1079 de
1197 1015 1295 1075 newe
1331 1019 1441 1079 môde
1476 1015 1540 1075 vnd
1581 1015 1779 1075 volmonde
1808 1015 1907 1075 finde
1942 1015 2018 1075 sol.
2064 1013 2134 1073 222
2169 1011 2257 1071 (title

791 1067 832 1127 at
855 1065 937 1125 foot
960 1063 1007 1123 of
1030 1060 1135 1120 17°),
1158 1063 1234 1123 Von
1269 1064 1339 1124 der
1368 1067 1491 1127 Sünen
1520 1067 1590 1127 vnd
1619 1066 1683 1126 des
1712 1063 1875 1123 mondes
1904 1063 2131 1123 finsternus.
2184 1061 2225 1121 22

784 1112 861 1172 Von
894 1115 1014 1175 waren
1053 1114 1146 1174 lauff
1174 1114 1245 1174 der
1273 1115 1443 1175 sunnen.
1492 1112 1580 1172 232,
1607 1111 1679 1171 Von
1717 1112 1832 1172 waren
1871 1111 1953 1171 lauf
1981 1111 2046 1171 des
2079 1111 2243 1171 mondes

785 1167 846 1227 258
876 1163 962 1223 (title
993 1163 1029 1223 at
1054 1163 1134 1223 foot
1158 1163 1195 1223 of
1213 1161 1317 1221 24°),
1348 1163 1471 1223 Tauel
1489 1163 1660 1223 zewissen
1698 1163 1759 1223 des
1783 1160 1863 1220 tags
1893 1159 2022 1219 lenge.
2077 1161 2163 1221 26e,
2181 1159 2255 1219 Wie

781 1215 860 1275 man
898 1212 934 1272 an
978 1211 1125 1271 sunnur
1162 1211 1323 1271 machen
1359 1211 1439 1271 sol.
1488 1211 1587 1271 Leaf
1617 1211 1655 1271 29
1692 1211 1753 1271 cut
1784 1211 1913 1271 away.
1975 1207 2061 1267 30e,
2098 1207 2166 1267 Ein
2203 1204 2265 1264 in-

797 1263 995 1323 strument
1018 1262 1088 1322 der
1111 1263 1384 1323 verwandlung
1419 1260 1483 1320 der
1518 1259 1703 1319 stunden,
1721 1259 1889 1319 followed
1924 1259 1965 1319 by
2000 1259 2198 1319 diagrams
2226 1255 2268 1315 of

787 1309 890 1369 three
921 1311 1025 1371 other
1062 1311 1331 1371 instruments.
1379 1313 1465 1373 322,
1490 1311 1545 1371 the
1581 1311 1716 1371 human
1759 1311 1857 1371 body
1887 1311 1924 1371 as
1960 1307 2174 1367 influenced
2211 1303 2254 1363 by

792 1360 857 1420 the
888 1363 988 1423 signs
1019 1363 1054 1423 of
1072 1362 1131 1422 the
1161 1363 1310 1423 zodiac.

865 1451 942 1511 205
974 1451 990 1511 X
1021 1451 1100 1511 148
1138 1451 1256 1511 mm.
1311 1451 1531 1511 Coloured
1577 1447 1609 1507 in
1656 1447 1781 1507 parts
1812 1447 1852 1507 in
1883 1447 1985 1507 red,
2008 1447 2158 1507 green,
2181 1446 2259 1506 and

802 1511 988 1571 yellow.
1051 1507 1092 1567 In
1147 1511 1265 1571 early
1313 1511 1459 1571 brown
1507 1507 1680 1567 leather
1721 1507 1901 1567 binding
1956 1503 2046 1563 with
2108 1504 2260 1564 bosses

804 1571 882 1631 and
922 1567 1079 1627 corner
1112 1568 1276 1628 pieces,
1295 1571 1368 1631 the
1407 1571 1545 1631 upper
1578 1567 1709 1627 cover
1742 1567 1840 1627 with
1880 1567 1893 1627 a
1939 1567 2129 1627 German
2162 1567 2260 1627 coat

800 1631 853 1691 of
873 1631 994 1691 arms
1013 1631 1160 1691 within
1194 1631 1207 1691 a
1240 1631 1494 1691 decorative
1527 1627 1688 1687 border
1714 1627 1787 1687 cut
1814 1627 1848 1687 in
1881 1627 1954 1687 the
1987 1627 2174 1687 leather.

2081 1723 2179 1783 IA.
2197 1723 2268 1783 26.

860 1727 1046 1787 Bought
1073 1724 1100 1784 in
1145 1726 1278 1786 May,
1304 1728 1439 1788 1855.

808 1863 1061 1923 Another
1088 1863 1263 1923 issue.

1826 1941 2038 2001 —berg,
2048 1947 2239 2007 (14762

887 1944 1025 2004 [Sold
1066 1943 1164 2003 by]
1183 1943 1331 2003 Hans
1361 1943 1706 2003 briefftruck:

864 2039 963 2099 292.
986 2039 1063 2099 line
1094 2040 1163 2100 33,
1178 2039 1439 2099 COLOPHON
1478 2039 1577 2099 :...
1600 2039 1692 2099 Den
1723 2039 1938 2099 kalender
1953 2039 2037 2099 hot
2052 2039 2259 2099 gemacht

801 2100 991 2160 maister
1025 2099 1249 2159 Johannes
1325 2099 1610 2159 kynsperger
1631 2099 1692 2159 ein
1740 2099 1978 2159 astronime
2019 2095 2094 2155 des
2128 2099 2264 2159 pabst

805 2159 881 2219 vnd
916 2159 992 2219 des
1013 2156 1249 2216 keys-ers
1270 2156 1347 2216 vnd
1381 2159 1542 2219 kunigs
1569 2159 1646 2219 von
1674 2159 1840 2219 vngern
1868 2159 1945 2219 vnd
1979 2159 2090 2219 solch
2125 2159 2243 2219 koled

804 2219 940 2279 vindt
1008 2219 1077 2279 mä
1107 2219 1183 2279 pey
1220 2219 1395 2279 maister
1425 2219 1532 2279 hans
1562 2219 1812 2279 briefftruck
1850 2219 1888 2279 zu

2080 2219 2220 2279 berg.

855 2299 1003 2359 Printed
1028 2303 1105 2363 with
1125 2305 1228 2365 black
1253 2303 1305 2363 ink
1331 2307 1369 2367 on
1395 2304 1473 2364 both
1498 2303 1621 2363 sides.
1640 2307 1750 2367 This,
1762 2304 1820 2364 the
1840 2307 1923 2367 only
1942 2303 2027 2363 copy
2052 2303 2245 2363 registered

791 2355 879 2415 does
914 2355 985 2415 not
1014 2355 1166 2415 contain
1207 2353 1325 2413 either
1360 2355 1401 2415 of
1425 2355 1489 2415 the
1525 2354 1653 2414 leaves
1689 2355 1730 2415 of
1759 2355 1871 2415 sheet
1900 2355 1977 2415 sal.
2024 2352 2099 2412 The
2141 2355 2265 2415 words

810 2403 1016 2463 Magister
1044 2403 1187 2463 Johann
1227 2403 1290 2463 von
1330 2403 1587 2463 Kunsperck'
1616 2403 1679 2463 are
1713 2403 1782 2463 not
1810 2403 1925 2463 found
1965 2403 2005 2463 at
2033 2403 2096 2463 the
2130 2403 2211 2463 foot
2233 2403 2273 2463 of

785 2451 865 2511 leaf
895 2449 981 2509 28°,
1004 2451 1073 2511 but
1102 2451 1159 2511 the
1194 2451 1269 2511 text
1297 2451 1332 2511 is
1366 2451 1568 2511 continued
1608 2451 1649 2511 on
1689 2451 1770 2511 leaf
1798 2451 1838 2511 29
1878 2452 1959 2512 (cut
1988 2451 2091 2511 away
2131 2453 2161 2513 in
2207 2451 2265 2511 the

795 2499 994 2559 preceding
1035 2502 1169 2562 copy),
1193 2503 1257 2563 and
1292 2499 1333 2559 on
1374 2499 1432 2559 the
1468 2499 1590 2559 recto,
1614 2503 1684 2563 line
1719 2503 1754 2563 33
1790 2500 1895 2560 sqq.,
1918 2499 1948 2559 is
1977 2502 2041 2562 the
2076 2503 2257 2563 colophon

791 2551 928 2611 quoted
968 2550 1106 2610 above.
1157 2547 1215 2607 On
1249 2547 1313 2607 29b
1341 2547 1369 2607 is
1404 2547 1421 2607 a
1456 2551 1553 2611 table
1582 2551 1622 2611 of
1651 2551 1788 2611 Easter
1828 2550 1931 2610 juxta
1972 2547 2035 2607 vsû
2069 2551 2258 2611 ecclesie'

803 2597 876 2657 and
924 2598 1033 2658 juxta
1063 2599 1215 2659 decreta
1245 2599 1372 2659 patu'
1390 2596 1445 2656 for
1475 2599 1584 2659 thirty
1608 2599 1736 2659 years,
1754 2599 1808 2659 the
1845 2599 1996 2659 earliest
2020 2599 2129 2659 being
2166 2606 2250 2666 1477

800 2647 868 2707 and
897 2647 960 2707 the
982 2647 1096 2707 latest
1125 2647 1233 2707 1531.
1279 2647 1330 2707 As
1358 2647 1586 2707 twenty-five
1615 2647 1723 2707 years
1745 2647 1803 2707 are
1831 2647 2008 2707 omitted,
2030 2647 2053 2707 it
2076 2647 2105 2707 is
2128 2647 2265 2707 doubt¬

790 2689 846 2749 ful
874 2695 1043 2755 whether
1076 2695 1143 2755 any
1183 2695 1373 2755 inference
1413 2695 1480 2755 can
1520 2695 1564 2755 be
1598 2695 1727 2755 drawn
1767 2695 1839 2755 from
1896 2695 1957 2755 the
1991 2699 2148 2759 earliest
2176 2699 2243 2759 yea

802 2743 906 2803 being
947 2747 1029 2807 1477
1064 2744 1203 2804 instead
1238 2747 1279 2807 of
1302 2750 1412 2810 1475.
1459 2747 1622 2807 Neither
1646 2747 1721 2807 this
1744 2746 1819 2806 leaf
1843 2745 1907 2805 nor
1930 2743 2006 2803 leaf
2035 2747 2070 2807 18
2105 2747 2169 2807 has
2192 2747 2227 2807 an

802 2795 1047 2855 watermark,
1070 2795 1134 2855 but
1157 2795 1245 2855 they
1274 2795 1349 2855 seem
1402 2795 1431 2855 to
1466 2795 1594 2855 belong
1629 2795 1803 2855 together
1827 2795 1868 2855 as
1897 2795 1955 2855 the
1984 2795 2054 2855 two
2083 2796 2211 2856 halves
2234 2795 2276 2855 of

810 2843 927 2903 sheet
949 2847 1023 2907 (k).

860 2923 970 2983 Hans
992 2923 1199 2983 briefftruck
1227 2923 1254 2983 is
1275 2923 1462 2983 identified
1490 2923 1524 2983 by
1552 2923 1621 2983 Dr.
1636 2923 1836 2983 Schreiber
1857 2923 1933 2983 with
1961 2924 2071 2984 Hans
2092 2927 2272 2987 Spoerer,

790 2975 846 3035 the
880 2971 1026 3031 printer
1048 2972 1088 3032 of
1110 2972 1166 3032 the
1200 2971 1279 3031 last
1301 2973 1341 3033 of
1363 2971 1425 3031 the
1459 2973 1622 3033 German
1661 2975 1908 3035 xylographic
1942 2975 2105 3035 editions
2139 2973 2178 3033 of
2206 2975 2262 3035 the

812 3023 960 3083 [Latin)
979 3023 1050 3083 Ars
1089 3023 1289 3083 Moriendi
1308 3023 1379 3083 and
1411 3023 1450 3083 of
1476 3023 1534 3083 the
1566 3027 1657 3087 1471
1689 3023 1850 3083 German
1889 3023 1966 3083 text
1992 3023 2030 3083 of
2056 3024 2114 3084 the
2146 3027 2269 3087 Biblia

803 3073 1007 3133 Pauperum

880 3161 951 3221 194
975 3163 998 3223 X
1030 3159 1102 3219 135
1149 3163 1252 3223 mm.
1316 3163 1530 3223 Coloured
1577 3163 1609 3223 in
1648 3163 1768 3223 parts
1807 3163 1839 3223 in
1887 3165 1982 3225 red,
2005 3163 2164 3223 green,
2180 3163 2259 3223 and

808 3223 996 3283 yellow.
1058 3223 1145 3283 Dr.
1168 3223 1340 3283 Kloss's
1372 3222 1505 3282 copy.

879 3315 1064 3375 Bought
1093 3315 1123 3375 in
1162 3315 1297 3375 1835.

2113 3319 2217 3379 IA.
2241 3321 2264 3381 7

815 3447 1076 3507 PASSIO
1158 3443 1524 3503 CHRISTI.
1608 3443 1879 3503 [Pictures
1931 3443 1993 3503 of
2035 3447 2264 3507 Christ's

883 3523 1111 3583 Passion
1181 3527 1278 3587 and
1357 3523 1735 3583 Resurrection
1814 3527 1929 3587 with
2007 3530 2272 3590 Prayers.

887 3607 1129 3667 German
1179 3607 1315 3667 text.

1626 3607 1961 3667 [Germany,
1991 3613 2041 3673 c.
2070 3618 2247 3678 1475?

872 3687 977 3747 Two
1016 3687 1167 3747 leaves
1205 3691 1258 3751 of
1289 3691 1334 3751 an
1372 3691 1531 3751 octavo
1577 3691 1834 3751 blockbook
1880 3691 1926 3751 of
1956 3691 2024 3751 the
2070 3695 2283 3755 Passion,

813 3751 989 3811 printed
1025 3751 1074 3811 on
1109 3751 1208 3811 both
1243 3751 1385 3811 sides,
1406 3751 1469 3811 the
1512 3751 1611 3811 text
1632 3751 1667 3811 in
1702 3751 1830 3811 black
1865 3751 1964 3811 ink,
1978 3753 2048 3813 the
2084 3753 2275 3813 pictures

807 3811 847 3871 in
913 3808 1093 3868 brown.
1153 3811 1246 3871 The
1313 3811 1526 3871 woodcut
1586 3811 1726 3871 pages
1792 3811 1846 3871 of
1899 3811 2006 3871 text
2066 3811 2265 3871 measure

813 3867 1112 3927 respectively
1168 3871 1217 3931 98
1241 3871 1338 3931 x73
1394 3873 1475 3933 and
1540 3875 1709 3935 99X74
1766 3875 1903 3935 mm.;
1943 3875 2016 3935 the
2064 3875 2283 3935 pictures,

813 3932 894 3992 104
916 3931 938 3991 X
967 3931 1018 3991 81
1048 3931 1164 3991 mm.

874 4011 971 4071 The
1011 4011 1108 4071 first
1149 4012 1237 4072 leaf
1278 4015 1488 4075 contains
1528 4015 1577 4075 on
1617 4014 1690 4074 the
1730 4012 1851 4072 recto
1892 4011 1908 4071 a
1956 4016 2118 4076 prayer
2150 4019 2199 4079 of
2223 4019 2272 4079 14

811 4074 928 4134 lines
964 4074 1015 4134 on
1066 4074 1139 4134 the
1175 4072 1321 4132 arrest
1359 4075 1409 4135 of
1446 4075 1600 4135 Christ
1629 4071 1665 4131 in
1709 4073 1782 4133 the
1833 4075 2001 4135 Garden
2053 4075 2103 4135 of
2133 4075 2271 4135 Geth¬

810 4134 1025 4194 semane,
1053 4135 1333 4195 beginning:
1369 4133 1398 4193 O
1456 4131 1599 4191 lieber
1635 4131 1735 4191 herr
1786 4131 1850 4191 ihu
1900 4134 1986 4194 xpe
2022 4135 2101 4195 wie
2144 4139 2222 4199 gar

803 4191 1123 4251 diemutlichen
1166 4193 1373 4253 giengstu
1423 4191 1558 4251 gegen
1644 4191 1801 4251 deinen
1851 4195 2036 4255 veinden
2072 4199 2187 4259 ...;
2215 4199 2264 4259 on

813 4255 892 4315 the
923 4254 1043 4314 verso
1074 4253 1106 4313 is
1138 4255 1162 4315 a
1193 4255 1360 4315 picture
1391 4255 1431 4315 of
1454 4251 1613 4311 Christ
1637 4255 1780 4315 before
1820 4255 1978 4315 Pilate.

881 4331 975 4391 The
1004 4332 1164 4392 second
1201 4335 1296 4395 leaf
1325 4336 1448 4396 bears
1485 4335 1536 4395 on
1572 4335 1645 4395 the
1682 4335 1798 4395 recto
1842 4336 1863 4396 a
1908 4339 2076 4399 picture
2119 4339 2170 4399 of
2199 4339 2264 4399 the

809 4392 1130 4452 Resurrection
1157 4395 1171 4455 ;
1213 4398 1262 4458 on
1317 4399 1388 4459 the
1443 4395 1562 4455 verso
1624 4395 1659 4455 is
1694 4395 1715 4455 a
1770 4395 1931 4455 prayer
1980 4395 2028 4455 on
2084 4399 2272 4459 Christ's

805 4455 1091 4515 appearance
1120 4455 1161 4515 to
1196 4455 1245 4515 S.
1265 4455 1391 4515 Mary
1433 4455 1733 4515 Magdalene,
1761 4459 2041 4519 beginning:
2061 4455 2082 4515 O
2139 4459 2250 4519 liebe

819 4514 895 4574 hrr
932 4511 1016 4571 Ihu
1061 4515 1152 4575 xpe
1204 4515 1280 4575 wie
1319 4515 1401 4575 gar
1477 4515 1847 4575 barmherziglich
1901 4519 1992 4579 pist
2029 4519 2181 4579 erschy
2226 4522 2271 4582 ne

808 4575 946 4635 maria
980 4571 1242 4631 magdalene
1269 4575 1338 4635 die
1373 4579 1462 4639 dich
1552 4579 1710 4639 suchet
1737 4579 1751 4639 .
1772 4579 1785 4639 .

879 4635 993 4695 From
1038 4635 1114 4695 the
1144 4635 1319 4695 Weigel
1341 4639 1570 4699 collection
1607 4639 1721 4699 (No.
1745 4639 1867 4699 262).

886 4722 1076 4782 Bought
1094 4719 1130 4779 in
1166 4722 1292 4782 July,
1320 4723 1447 4783 1872.

2089 4723 2192 4783 IA.
2213 4729 2254 4789 25

785 529 852 589 the
878 527 1012 587 second
1037 527 1122 587 half
1139 527 1173 587 of
1198 527 1299 587 sheet
1316 525 1366 585 k,
1383 526 1493 586 which
1519 527 1653 587 should
1687 524 1763 584 form
1805 527 1881 587 leaf
1898 527 1957 587 31,
1983 527 2041 587 has
2067 527 2159 587 been
2184 527 2252 587 cut
2320 538 3011 598 PLANETENBUCH.
3096 537 3585 597 Representations
3618 535 3669 595 of
3694 535 3770 595 the

2387 616 2548 676 seven
2611 619 2852 679 planets,
2888 619 3120 679 Saturn,
3166 619 3407 679 Jupiter,
3442 615 3622 675 Mars,
3666 615 3784 675 Sol,

2397 699 2605 759 Venus,
2641 699 2927 759 Mercury,
2970 699 3153 759 Luna,
3188 699 3284 759 and
3335 699 3396 759 of
3431 699 3509 759 the
3561 695 3788 755 occupa¬

2388 782 2533 842 tions
2578 779 2706 839 over
2743 775 2916 835 which
2970 780 3088 840 they
3144 779 3389 839 preside,
3407 779 3526 839 with
3581 777 3791 837 accom-

2384 863 2625 923 panying
2672 856 2887 916 verses.

3150 859 3476 919 [Germany,
3508 859 3558 919 c.
3590 863 3763 923 1470?

2438 953 2503 1013 1°.
2533 955 2751 1015 Saturnus
2795 955 2860 1015 ain
2897 955 3013 1015 stern
3057 955 3129 1015 bin
3166 955 3232 1015 ich
3275 955 3443 1015 genant
3465 956 3493 1016 ::

2534 1014 2631 1074 Der
2667 1015 2827 1075 höchst
2863 1015 3023 1075 planet
3051 1015 3134 1075 gar
3170 1013 3260 1073 wol
3289 1015 3491 1075 bekant:

2530 1075 2769 1135 Natürlich
2810 1075 2878 1135 bin
2920 1075 2981 1135 ich
3022 1075 3180 1135 truken
3227 1071 3302 1131 vnd
3351 1075 3446 1135 kalt
3473 1075 3495 1135 ::

2529 1133 2622 1193 Mit
2650 1135 2797 1195 minem
2857 1135 3032 1195 würken
3079 1135 3361 1195 manigualt:

2527 1190 2581 1250 So
2622 1194 2683 1254 ich
2731 1192 2766 1252 in
2806 1195 2957 1255 minen
3005 1194 3161 1254 hüsern
3209 1195 3305 1255 stan
3332 1195 3359 1255 ::

2527 1255 2627 1315 Dem
2684 1255 2892 1315 stainbok
2935 1251 3017 1311 dem
3080 1255 3350 1315 wasserman
3375 1251 3401 1311 ::

2537 1315 2627 1375 Den
2676 1315 2746 1375 tûn
2788 1314 2851 1374 ich
2893 1315 3088 1375 schaden
3131 1315 3179 1375 zû
3221 1315 3298 1375 der
3340 1315 3465 1375 welt:

2525 1371 2617 1431 Mit
2649 1373 2819 1433 wasser
2851 1374 2936 1434 vnd
2974 1375 3059 1435 mit
3091 1375 3274 1435 grosser
3313 1375 3449 1435 kelt::

2538 1434 2631 1494 Mit
2662 1433 2843 1493 [Min?)
2875 1432 3101 1492 erhóhung
3149 1433 3180 1493 in
3226 1434 3305 1494 der
3337 1435 3462 1495 wage
3501 1432 3556 1492 ist

2538 1495 2579 1555 Im
2641 1495 2778 1555 wider
2812 1494 2895 1554 tall
2922 1494 2990 1554 ich
3032 1495 3080 1555 zü
3121 1493 3204 1553 der
3238 1492 3334 1552 frist
3355 1495 3382 1555 ::

2540 1551 2636 1611 Vnd
2677 1555 2772 1615 mag
2821 1551 2882 1611 die
2923 1551 3074 1611 zwelff
3101 1555 3279 1615 zaichen
3313 1555 3333 1615 ::

2539 1613 2585 1673 In
2625 1615 2783 1675 drissig
2829 1611 2942 1671 iaren
2981 1611 3206 1671 erraichen
3239 1611 3266 1671 ::

2403 1676 2499 1736 14°.
2534 1671 2623 1731 Der
2657 1672 2801 1732 sterne
2843 1671 3022 1731 wurken
3063 1673 3146 1733 gat
3180 1674 3311 1734 durch
3359 1675 3469 1735 mich
3510 1674 3532 1734 :

2533 1733 2600 1793 Ich
2646 1732 2713 1792 bin
2760 1734 2920 1794 vnstät
2954 1733 3228 1793 wunderlich
3261 1731 3289 1791 ::

2538 1795 2689 1855 Miner
2723 1794 2826 1854 kind
2867 1793 2970 1853 man
3011 1795 3162 1855 kaines
3203 1791 3382 1851 gezeme
3423 1793 3505 1853 kan

2533 1854 2761 1914 Niemand
2802 1851 2849 1911 sy
2889 1851 2997 1911 gern
3038 1854 3132 1914 sind
3172 1855 3388 1915 vndertan
3414 1851 3442 1911 ::

2535 1915 2586 1975 Ir
2615 1915 2754 1975 antlit
2783 1914 2841 1974 ist
2878 1915 3023 1975 blaich
3067 1911 3147 1971 vnd
3191 1913 3300 1973 rûnt
3322 1907 3343 1967 ::

2534 1973 2634 2033 Grim
2694 1975 2860 2035 grusam
2920 1975 2993 2035 zen
3040 1975 3159 2035 ainen
3206 1974 3332 2034 diken
3379 1971 3551 2031 mund:

2544 2030 2668 2090 Vber
2704 2035 2828 2095 sitnig
2865 2031 2924 2091 (?)
2953 2034 3077 2094 schel
3106 2035 3230 2095 ainen
3275 2034 3384 2094 enge
3421 2031 3552 2091 mund
3596 2034 3610 2094 :

2544 2094 2656 2154 Gern
2701 2095 2843 2155 hofrig
2880 2092 3008 2152 trâg,
3037 2091 3112 2151 der
3150 2091 3203 2151 lib
3247 2091 3314 2151 nit
3345 2091 3442 2151 lang
3471 2093 3486 2153 :

2542 2155 2730 2215 Louffer
2759 2154 2981 2214 gouggler
3017 2151 3191 2211 vischer
3226 2154 3449 2214 marner::

2542 2212 2715 2272 Varend
2758 2214 2938 2274 schüler
2973 2211 3126 2271 vogler
3161 2213 3321 2273 müller
3355 2211 3494 2271 bader
3515 2213 3544 2273 ::

2546 2270 2640 2330 Vnd
2680 2275 2768 2335 was
2808 2274 2896 2334 mit
2929 2275 3090 2335 wasser
3124 2271 3211 2331 sich
3251 2271 3432 2331 erneret
3452 2271 3480 2331 ::

2540 2335 2636 2395 Den
2683 2335 2737 2395 ist
2772 2335 2853 2395 des
2887 2335 3045 2395 mones
3085 2335 3201 2395 schin
3242 2334 3480 2394 bescheret
3501 2331 3529 2391 ::

2380 2423 2547 2483 Quarto.
2602 2425 2664 2485 a8.
2727 2423 2748 2483 8
2775 2419 2921 2479 leaves,
2949 2423 3088 2483 printed
3129 2419 3157 2479 in
3191 2423 3296 2483 black
3330 2419 3393 2479 ink
3427 2419 3469 2479 on
3504 2419 3594 2479 both
3629 2419 3733 2479 sides
3760 2421 3795 2481 of

2327 2471 2384 2531 the
2418 2471 2555 2531 paper,
2572 2471 2652 2531 with
2686 2471 2743 2531 the
2777 2471 2965 2531 exception
2999 2471 3033 2531 of
3056 2471 3181 2531 leaves
3210 2471 3221 2531 1
3250 2471 3312 2531 and
3347 2471 3381 2531 8,
3398 2471 3437 2531 of
3461 2471 3575 2531 which
3609 2471 3665 2531 the
3694 2471 3790 2531 recto

2323 2519 2391 2579 and
2431 2519 2539 2579 verso
2573 2519 2818 2579 respectively
2846 2521 2903 2581 are
2937 2519 3073 2579 blank.
3124 2519 3227 2579 Each
3256 2523 3346 2583 page
3375 2519 3404 2579 is
3432 2519 3460 2579 in
3500 2519 3562 2579 two
3597 2519 3773 2579 compart

2321 2569 2466 2629 ments,
2483 2569 2522 2629 of
2550 2567 2662 2627 which
2701 2567 2757 2627 the
2791 2571 2908 2631 upper
2936 2567 3109 2627 contains
3143 2567 3271 2627 twelve
3305 2567 3400 2627 lines
3427 2567 3467 2627 of
3489 2567 3612 2627 verse,
3634 2567 3696 2627 and
3735 2567 3791 2627 the

2327 2615 2441 2675 lower
2463 2619 2474 2679 a
2506 2618 2642 2678 picture
2674 2619 2799 2679 either
2826 2619 2864 2679 of
2886 2619 2902 2679 a
2935 2618 3070 2678 planet
3097 2615 3135 2675 or
3168 2615 3211 2675 of
3233 2617 3292 2677 the
3325 2615 3574 2675 occupations
3607 2615 3721 2675 under
3748 2618 3791 2678 its

2327 2667 2537 2727 influence.
2593 2667 2934 2727 Measurements:
2962 2664 3025 2724 196
3054 2663 3082 2723 (-
3116 2663 3207 2723 200)
3218 2663 3229 2723 x
3263 2665 3320 2725 125
3354 2663 3513 2723 (-128)
3530 2667 3626 2727 mm.
3678 2667 3796 2727 Iden-

2331 2714 2427 2774 tified
2457 2713 2499 2773 by
2530 2715 2729 2775 Schreiber
2753 2715 2790 2775 as
2814 2717 3013 2777 belonging
3049 2715 3079 2775 to
3109 2715 3164 2775 the
3194 2715 3327 2775 second
3357 2715 3394 2775 of
3418 2715 3472 2775 the
3502 2715 3599 2775 three
3629 2715 3792 2775 editions

2325 2762 2444 2822 which
2476 2763 2519 2823 he
2545 2767 2846 2827 distinguishes.

2394 2851 2469 2911 206
2499 2851 2514 2911 x
2553 2855 2628 2915 146
2680 2855 2794 2915 mm.
2854 2855 3119 2915 Imperfect,
3149 2852 3337 2912 wanting
3390 2851 3533 2911 leaves
3571 2851 3593 2911 3
3639 2851 3722 2911 and

2333 2917 2417 2977 (the
2466 2913 2572 2973 third
2622 2915 2749 2975 sheet
2791 2913 2841 2973 of
2876 2915 2947 2975 the
2990 2915 3159 2975 quire),
3187 2913 3258 2973 the
3293 2913 3392 2973 first
3427 2911 3675 2971 containing
3717 2911 3788 2971 the

2333 2975 2523 3035 pictures
2551 2975 2601 3035 of
2622 2975 2693 3035 the
2721 2975 3018 3035 occupations
3046 2973 3286 3033 influenced
3322 2972 3371 3032 by
3406 2971 3576 3031 Jupiter
3604 2971 3682 3031 and
3717 2971 3788 3031 the

2331 3031 2465 3091 figure
2505 3035 2551 3095 of
2571 3035 2712 3095 Mars,
2732 3031 2805 3091 the
2839 3035 2993 3095 second
3026 3031 3093 3091 the
3127 3032 3294 3092 picture
3327 3031 3374 3091 of
3401 3031 3468 3091 the
3501 3035 3788 3095 occupations

2332 3094 2575 3154 influenced
2609 3091 2651 3151 by
2692 3091 2838 3151 Venus
2866 3091 2935 3151 and
2970 3094 3039 3154 the
3067 3091 3199 3151 figure
3234 3091 3282 3151 of
3303 3095 3538 3155 Mercury.
3566 3091 3781 3151 Coloured

2332 3155 2367 3215 in
2401 3155 2498 3215 red,
2520 3155 2701 3215 yellow,
2721 3155 2881 3215 green,
2902 3155 2978 3215 and
3014 3155 3187 3215 brown.

2399 3250 2590 3310 Bought
2607 3247 2642 3307 in
2684 3249 2979 3309 September,
2996 3247 3135 3307 1860.

3604 3247 3706 3307 IA.
3727 3253 3799 3313 27.

2333 3399 2628 3459 RETZA,
2666 3399 3029 3459 FRANCISCUS
3096 3399 3191 3459 DE.
3287 3395 3363 3455 De
3430 3399 3782 3459 generatione

2393 3479 2616 3539 Christi
2660 3479 2763 3539 siue
2831 3479 3192 3539 Defensorium
3287 3479 3579 3539 inuiolatae
3647 3479 3785 3539 casti

2406 3559 2521 3619 tatis
2565 3563 2750 3623 beatae
2803 3561 3023 3621 virginis
3075 3559 3305 3619 Mariae.

3104 3643 3458 3703 [Germany,]
3479 3646 3521 3706 f.
3542 3644 3615 3704 w.
3635 3643 3791 3703 1470.

2396 3723 2467 3783 1°.
2492 3726 2761 3786 AMbrosius
2801 3723 2841 3783 In
2888 3723 3095 3783 examero
3183 3723 3294 3783 libro
3326 3723 3517 3783 secundo
3548 3723 3636 3783 cale
3659 3719 3747 3779 xlie

2342 3788 2453 3848 Quid
2490 3787 2631 3847 agunt
2653 3787 2735 3847 qui
2750 3787 2869 3847 solent
2913 3787 2988 3847 nra
3025 3783 3204 3843 irridere
3241 3783 3434 3843 misteria
3508 3783 3590 3843 cum
3642 3783 3799 3843 audiût

2338 3847 2415 3907 qd'
2430 3847 2545 3907 uirgo
2583 3843 2738 3903 gnauit
2761 3846 2776 3906 .
2799 3847 2845 3907 ..
2876 3843 2975 3903 16e.
3015 3843 3160 3903 Homo
3191 3843 3229 3903 si
3252 3843 3445 3903 inlapide
3475 3843 3521 3903 vi
3537 3844 3629 3904 celi
3644 3843 3706 3903 pin
3744 3844 3799 3904 gi

2338 3903 2458 3963 valet
2489 3903 2571 3963 Cur
2601 3906 2707 3966 almi
2730 3907 2836 3967 spûs
2858 3904 2941 3964 ope
3002 3903 3122 3963 virgo
3161 3904 3236 3964 non
3273 3907 3432 3967 gnaret
3463 3905 3681 3965 Albertus

2335 3967 2606 4027 minoralium
2653 3967 2847 4027 tractatu
2877 3968 2932 4028 ije
3110 3957 3165 4017 j.

2381 4047 2507 4107 Folio.
2550 4044 2692 4104 A-H°.
2741 4045 2776 4105 16
2804 4047 2953 4107 leaves,
2967 4047 3144 4107 arranged
3180 4047 3208 4107 in
3236 4047 3357 4107 single
3378 4047 3505 4107 sheets
3526 4047 3562 4107 of
3583 4047 3647 4107 two
3668 4043 3795 4103 leaves

2322 4095 2435 4155 each,
2458 4095 2601 4155 printed
2630 4095 2710 4155 with
2744 4095 2870 4155 brown
2904 4095 2961 4155 ink
2991 4095 3030 4155 on
3065 4095 3133 4155 one
3168 4095 3242 4155 side
3270 4095 3379 4155 only,
3396 4095 3453 4155 the
3477 4095 3602 4155 sheets
3630 4092 3790 4152 lettered

2331 4143 2429 4203 near
2451 4143 2510 4203 the
2543 4143 2597 4203 top
2630 4143 2668 4203 of
2690 4146 2749 4206 the
2776 4143 2885 4203 space
2917 4143 3080 4203 between
3113 4143 3172 4203 the
3205 4143 3270 4203 two
3309 4143 3520 4203 woodcuts,
3541 4143 3661 4203 A-H.
3715 4142 3791 4202 The

2333 4192 2419 4252 first
2447 4191 2517 4251 two
2544 4191 2620 4251 cuts
2647 4191 2707 4251 are
2740 4195 2886 4255 divided
2925 4191 2995 4251 into
3027 4191 3109 4251 four
3136 4191 3435 4251 compartments
3462 4192 3576 4252 each,
3592 4191 3646 4251 the
3679 4190 3799 4250 upper

2333 4243 2635 4303 compartments
2667 4242 2832 4302 showing
2869 4243 3007 4303 figures
3039 4239 3066 4299 in
3098 4239 3151 4299 the
3183 4239 3247 4299 one
3278 4239 3358 4299 case
3385 4241 3422 4301 of
3444 4243 3491 4303 S.
3512 4243 3693 4303 Ambrose
3725 4239 3789 4299 anc

2336 4291 2381 4351 S.
2398 4292 2631 4352 Augustine,
2648 4291 2676 4351 in
2710 4291 2767 4351 the
2795 4291 2897 4351 other
2920 4291 2960 4351 of
2983 4291 3028 4351 S.
3051 4287 3193 4347 Jerome
3221 4291 3289 4351 and
3323 4288 3368 4348 S.
3386 4287 3578 4347 Gregory,
3596 4290 3652 4350 the
3686 4287 3795 4347 lowei

2329 4339 2627 4399 compartments
2648 4339 2861 4399 containing
2893 4339 2952 4399 the
2978 4339 3218 4399 explanatory
3244 4339 3335 4399 text.
3383 4335 3473 4395 With
3505 4339 3569 4399 one
3596 4337 3782 4397 exception

2333 4387 2393 4447 the
2431 4391 2540 4451 other
2573 4387 2654 4447 cuts
2682 4387 2747 4447 are
2785 4387 2812 4447 in
2851 4387 2965 4447 eight
2992 4387 3313 4447 compartments,
3340 4387 3401 4447 the
3439 4387 3520 4447 four
3553 4387 3673 4447 larger
3706 4386 3792 4446 ones

2328 4439 2546 4499 containing
2574 4438 2758 4498 pictures,
2775 4435 2836 4495 the
2864 4435 2941 4495 four
2970 4435 3142 4495 smaller,
3160 4435 3282 4495 placed
3310 4435 3416 4495 below
3461 4435 3590 4495 them,
3617 4435 3768 4495 explana

2335 4484 2410 4544 tory
2453 4484 2693 4544 letterpress.
2741 4483 2795 4543 On
2845 4483 2920 4543 leaf
2953 4479 2997 4539 7b
3029 4482 3088 4542 the
3138 4483 3257 4543 upper
3301 4483 3474 4543 woodcut
3512 4483 3788 4543 (representing

2342 4535 2444 4595 Mary
2474 4535 2541 4595 and
2577 4535 2710 4595 Joseph
2741 4535 2891 4595 adoring
2927 4531 2988 4591 the
3018 4531 3115 4591 Holy
3145 4531 3278 4591 Child)
3296 4531 3326 4591 is
3357 4531 3508 4591 double,
3532 4535 3599 4595 and
3629 4535 3689 4595 the
3719 4531 3799 4591 text

2334 4583 2422 4643 runs
2444 4583 2572 4643 across
2600 4583 2656 4643 the
2684 4583 2801 4643 page.
2851 4581 2923 4641 The
2951 4579 3118 4639 subjects
3140 4579 3179 4639 of
3201 4579 3257 4639 the
3285 4581 3435 4641 smaller
3457 4582 3535 4642 cuts
3563 4583 3618 4643 are
3646 4579 3796 4639 various

2334 4631 2522 4691 marvels,
2539 4631 2666 4691 mostly
2694 4631 2921 4691 imaginary,
2932 4631 2961 4691 in
2988 4631 3044 4691 the
3071 4630 3221 4690 natural
3238 4629 3365 4689 world,
3382 4630 3493 4690 which
3521 4631 3610 4691 were
3637 4631 3792 4691 thought

2329 4682 2365 4742 to
2389 4679 2472 4739 help
2508 4679 2669 4739 towards
2699 4679 2908 4739 explaining
2943 4679 3027 4739 that
3050 4679 3093 4739 of
3116 4678 3176 4738 the
3206 4679 3331 4739 Virgin
3367 4679 3498 4739 Birth.
3546 4679 3624 4739 The
3653 4679 3790 4739 initials

2340 4727 2392 4787 F.
2404 4731 2479 4791 W.,
2497 4731 2560 4791 and
2589 4731 2676 4791 date
2699 4733 2810 4793 1470,
2827 4731 2931 4791 occur
2954 4730 2983 4790 in
3012 4727 3024 4787 a
3053 4731 3163 4791 blank
3192 4731 3296 4791 space
3325 4731 3348 4791 in
3377 4731 3435 4791 the
3464 4731 3580 4791 fourth
3608 4729 3795 4789 compart-
