3966 5711
843 531 915 591 The
946 531 1091 591 Psalter
1109 531 1182 591 was
1218 531 1357 591 printed
1394 535 1424 595 in
1461 535 1697 595 accordance
1721 535 1806 595 with
1842 535 1897 595 the
1933 535 2115 595 reformed
2151 535 2236 595 Mo¬

784 579 905 639 nastic
946 579 1120 639 Breviary
1167 579 1207 639 of
1236 582 1294 642 the
1341 583 1462 643 Union
1504 583 1550 643 of
1579 583 1776 643 Bursfeld,
1799 583 1927 643 known
1974 587 2049 647 also
2090 587 2130 647 as
2171 585 2230 645 the

782 627 1034 687 Observantia
1063 630 1133 690 per
1156 631 1425 691 Germaniam.
1478 631 1513 691 It
1536 635 1735 695 contained
1770 635 1829 695 the
1858 635 2010 695 Psalms
2034 635 2110 695 with
2139 635 2238 695 their

779 673 888 733 ferial
912 679 1138 739 antiphons,
1162 679 1223 739 the
1253 679 1454 739 canticles,
1485 679 1552 739 and
1588 681 1643 741 the
1679 683 1820 743 hymns
1850 683 2051 743 according
2088 683 2118 743 to
2155 683 2241 743 that

781 727 859 787 use,
881 727 943 787 and
982 727 1016 787 in
1049 727 1094 787 its
1122 727 1312 787 unaltered
1351 727 1541 787 condition
1569 731 1703 791 agreed
1737 731 1876 791 almost
1894 731 2039 791 exactly
2067 734 2145 794 with
2179 731 2234 791 the

793 775 957 835 Bursfeld
985 773 1155 833 Breviary
1184 774 1218 834 of
1235 777 1269 837 c.
1280 778 1393 838 1496,
1405 777 1467 837 and
1496 779 1552 839 the
1575 779 1739 839 German
1768 779 2006 839 Observance
2034 779 2238 839 Breviaries

787 823 825 883 of
857 826 967 886 1493,
993 823 1102 883 1521,
1128 827 1237 887 1561.
1295 826 1379 886 The
1417 827 1617 887 Schoeffer
1649 831 1791 891 Psalter
1823 831 1862 891 of
1887 831 1978 891 1516
2023 831 2048 891 is
2080 831 2241 891 another

783 871 927 931 edition
964 874 1008 934 of
1033 874 1127 934 this.

852 959 917 1019 On
951 959 1131 1019 vellum.
1189 963 1270 1023 422
1294 963 1320 1023 x
1352 963 1558 1023 300mm.
1623 967 1828 1027 Wanting
1861 967 2000 1027 leaves
2034 969 2246 1029 130-135.

782 1016 853 1076 At
890 1019 1013 1079 some
1055 1023 1235 1083 period,
1265 1023 1480 1083 probably
1531 1023 1610 1083 not
1646 1023 1739 1083 very
1790 1027 1884 1087 long
1927 1027 2042 1087 after
2078 1027 2114 1087 it
2150 1027 2236 1087 was

785 1079 979 1139 printed,
1000 1082 1066 1142 the
1107 1079 1288 1139 present
1321 1083 1429 1143 copy
1477 1083 1550 1143 has
1584 1087 1692 1147 been
1732 1087 1927 1147 brought
1960 1087 2041 1147 into
2088 1087 2209 1147 agree

778 1138 899 1198 ment
927 1139 1020 1199 with
1062 1142 1134 1202 the
1176 1139 1383 1199 Breviary
1425 1143 1589 1203 which,
1603 1147 1803 1207 allowing
1852 1147 1917 1207 for
1945 1147 2066 1207 local
2094 1147 2237 1207 varia¬

780 1199 923 1259 tions,
943 1199 1032 1259 was
1059 1202 1087 1262 in
1127 1199 1319 1259 general
1339 1203 1407 1263 use
1442 1203 1599 1263 among
1639 1207 1701 1267 all
1728 1207 2035 1267 Benedictines
2076 1207 2241 1267 except

781 1259 898 1319 those
945 1259 987 1319 of
1014 1259 1083 1319 the
1124 1259 1316 1319 German
1357 1263 1666 1323 congregation
1707 1267 1928 1327 (compare
1962 1267 2037 1327 the
2078 1267 2229 1327 Monte

793 1319 971 1379 Cassino
1029 1319 1201 1379 Psalter
1244 1319 1294 1379 of
1337 1323 1445 1383 1483
1495 1323 1573 1383 and
1624 1323 1832 1383 Breviary
1889 1325 1939 1385 of
1982 1327 2118 1387 1542,
2154 1326 2225 1386 the

786 1379 1075 1439 Martinsberg
1111 1379 1307 1439 Breviary
1343 1380 1386 1440 of
1408 1383 1531 1443 1519,
1552 1383 1625 1443 and
1654 1383 1719 1443 the
1755 1383 1993 1443 Tegernsee
2030 1383 2226 1443 Breviary

781 1432 830 1492 of
857 1435 1011 1495 1576),
1031 1439 1081 1499 by
1115 1439 1184 1499 the
1213 1440 1387 1500 erasure
1421 1442 1470 1502 of
1491 1443 1616 1503 many
1652 1443 1881 1503 passages,
1902 1443 2159 1503 sometimes
2187 1444 2201 1504 o

785 1496 1091 1556 considerable
1125 1499 1305 1559 length,
1326 1502 1362 1562 in
1403 1501 1472 1561 the
1514 1503 1667 1563 places
1702 1503 1750 1563 of
1777 1503 1909 1563 which
1959 1505 2229 1565 manuscript

780 1559 1037 1619 alterations
1075 1559 1178 1619 have
1217 1559 1326 1619 been
1365 1559 1584 1619 inserted.
1642 1563 1661 1623 A
1712 1563 1777 1623 few
1828 1563 1938 1623 later
1964 1563 2227 1623 alterations

784 1615 899 1675 bring
932 1615 999 1675 the
1025 1619 1167 1679 book,
1180 1619 1287 1679 more
1321 1619 1361 1679 or
1388 1622 1495 1682 less,
1509 1620 1589 1680 into
1623 1623 1878 1683 conformity
1911 1623 2005 1683 with
2039 1623 2106 1683 the
2139 1622 2234 1682 Mo-

788 1679 925 1739 nastic
957 1677 1158 1737 Breviary
1190 1679 1230 1739 of
1255 1679 1367 1739 Paul
1383 1679 1407 1739 V
1440 1683 1512 1743 and
1544 1682 1689 1742 Urban
1721 1683 1858 1743 VIII,
1874 1684 1906 1744 in
1939 1685 2116 1745 present
2140 1684 2236 1744 use.

837 1751 932 1811 The
983 1751 1101 1811 chief
1137 1755 1401 1815 alterations
1446 1755 1636 1815 concern
1687 1757 1760 1817 the
1804 1759 1995 1819 hymns.
2054 1759 2098 1819 In
2149 1760 2222 1820 the

775 1811 966 1871 German
1017 1811 1296 1871 Observance
1340 1815 1414 1875 the
1458 1815 1576 1875 same
1619 1819 1811 1879 hymns,
1847 1819 2038 1879 Æterne
2082 1819 2207 1879 rerum

782 1871 986 1931 conditor
1037 1867 1116 1927 and
1161 1874 1387 1934 Splendor
1416 1875 1591 1935 paternæ
1635 1878 1831 1938 gloriæe',
1846 1879 1949 1939 were
1978 1879 2073 1939 used
2109 1879 2218 1939 daily

790 1931 820 1991 in
864 1931 931 1991 the
961 1931 1087 1991 ferial
1110 1931 1303 1991 Mattins
1333 1935 1414 1995 and
1459 1935 1608 1995 Lauds
1637 1936 1950 1996 respectively,
1980 1939 2054 1999 but
2084 1939 2121 1999 in
2158 1940 2225 2000 the

774 1991 1076 2051 non-German
1115 1991 1207 2051 use,
1226 1994 1273 2054 as
1299 1995 1345 2055 at
1371 1992 1548 2052 present
1582 1995 1614 2055 in
1653 1995 1752 2055 both
1791 1997 1857 2057 the
1896 1999 2113 2059 Monastic
2139 1999 2218 2059 and

783 2051 962 2111 Secular
999 2051 1269 2111 Breviaries,
1291 2054 1500 2114 different
1530 2055 1694 2115 hymns
1731 2055 1836 2115 were
1882 2059 2121 2119 appointed
2165 2059 2226 2119 for

778 2108 869 2168 each
920 2111 997 2171 day
1047 2110 1097 2170 of
1125 2111 1203 2171 the
1239 2111 1388 2171 week.
1445 2114 1587 2174 These
1637 2115 1751 2175 have
1793 2117 1899 2177 been
1949 2119 2134 2179 inserted
2183 2119 2218 2179 in

778 2167 898 2227 their
933 2171 1081 2231 places
1124 2171 1159 2231 in
1208 2171 1279 2231 the
1329 2175 1512 2235 Psalter,
1547 2175 1625 2235 and
1667 2178 1802 2238 many
1844 2179 2106 2239 alterations
2141 2179 2219 2239 and

776 2231 1010 2291 additions
1049 2231 1158 2291 have
1205 2231 1306 2291 been
1360 2235 1485 2295 made
1540 2235 1696 2295 among
1751 2235 1820 2295 the
1891 2235 1953 2295 de
2000 2239 2194 2299 tempore

760 2291 926 2351 hymns
956 2291 1001 2351 at
1024 2291 1099 2351 the
1129 2291 1204 2351 end
1234 2291 1280 2351 of
1302 2291 1370 2351 the
1400 2295 1603 2355 volume.
1664 2295 1740 2355 Six
1777 2295 1942 2355 leaves,
1965 2299 2221 2359 containing

778 2347 943 2407 hymns
979 2347 1029 2407 of
1064 2347 1136 2407 the
1186 2351 1351 2411 Proper
1387 2351 1437 2411 of
1473 2355 1645 2415 Saints,
1673 2355 1781 2415 have
1824 2355 1932 2415 been
1975 2355 2104 2415 taken
2147 2356 2225 2416 out

760 2407 1071 2467 immediately
1123 2411 1271 2471 before
1315 2413 1382 2473 the
1426 2411 1515 2471 last
1552 2414 1656 2474 leaf,
1686 2415 1767 2475 and
1812 2413 1863 2473 on
1907 2415 1982 2475 the
2019 2415 2108 2475 last
2145 2419 2233 2479 leaf

773 2467 787 2527 a
821 2467 1000 2527 hymn'
1013 2467 1075 2527 De
1103 2471 1247 2531 sancto
1281 2471 1466 2531 Martino
1522 2474 1597 2534 has
1625 2471 1728 2531 been
1762 2475 1906 2535 erased
1941 2475 2016 2535 and
2051 2475 2229 2535 another

805 2521 877 2581 De
917 2527 1070 2587 sancto
1118 2531 1416 2591 Laurentio',
1440 2531 1576 2591 which
1625 2531 1737 2591 does
1777 2534 1858 2594 not
1898 2532 2027 2592 occur
2067 2537 2107 2597 in
2147 2539 2219 2599 the

782 2588 970 2648 German
1006 2591 1288 2651 Observance
1324 2591 1483 2651 books,
1505 2595 1585 2655 has
1606 2595 1715 2655 been
1750 2595 2041 2655 substituted.

842 2683 963 2743 King
991 2683 1169 2743 George
1197 2687 1309 2747 III's
1337 2687 1440 2747 copy
1487 2691 1561 2751 (C.
1580 2691 1627 2751 9.
1646 2691 1692 2751 d.
1712 2691 1804 2751 10).

2055 2690 2150 2750 IC.
2162 2695 2209 2755 75

778 2842 797 2902 A
856 2839 1119 2899 cancelled
1168 2841 1295 2901 copy
1344 2843 1402 2903 of
1421 2847 1529 2907 leaf
1557 2849 1635 2909 51.

819 2927 1018 2987 Cancelled
1048 2927 1084 2987 on
1113 2927 1268 2987 account
1291 2931 1327 2991 of
1342 2931 1401 2991 the
1423 2935 1599 2995 omission
1629 2935 1703 2995 from
1746 2935 1850 2995 Psalm
1894 2935 1931 2995 78
1960 2936 2130 2996 (Vulgate
2152 2945 2232 3005 77),

774 2978 900 3038 verses
930 2975 961 3035 19
991 2979 1057 3039 and
1087 2979 1148 3039 20,
1166 2979 1209 3039 of
1233 2979 1287 3039 the
1318 2979 1438 3039 words
1462 2983 1547 3043 here
1571 2983 1771 3043 bracketed
1801 2983 1813 3043 :
1843 2983 1892 3043 Et
1910 2987 2006 3047 male
2030 2987 2151 3047 locuti
2170 2987 2224 3047 sût

774 3027 811 3087 de
836 3025 898 3085 deo
923 3023 935 3083 :
959 3027 1083 3087 dixert
1102 3027 1195 3087 nuqd
1219 3031 1355 3091 poterit
1374 3032 1423 3092 d's
1448 3035 1528 3095 pare
1559 3035 1683 3095 mensa
1715 3035 1751 3095 sin
1782 3035 1961 3095 deserto?
1993 3035 2048 3095 Om
2085 3035 2227 3095 pcussit

771 3074 867 3134 peträ
892 3074 910 3134 i
928 3075 1086 3135 fluxerut
1104 3075 1189 3135 aque
1213 3077 1226 3137 :
1250 3075 1286 3135 et
1305 3079 1468 3139 torrêtes
1487 3083 1742 3143 inundauerût
1760 3083 1905 3143 Nuquid
1935 3083 1948 3143 z
1972 3083 2063 3143 pane
2087 3083 2227 3143 poterit

771 3123 859 3183 dare
878 3123 897 3183 :
922 3123 985 3183 aut
1010 3123 1142 3183 parare
1174 3127 1300 3187 mensä
1350 3127 1445 3187 pplo
1476 3128 1564 3188 suo.
1615 3131 1709 3191 This
1747 3131 1879 3191 cancel
1904 3134 2156 3194 corresponds
2187 3131 2219 3191 to

773 3171 829 3231 the
856 3171 940 3231 first
961 3172 995 3232 of
1017 3173 1072 3233 the
1100 3174 1163 3234 two
1191 3175 1462 3235 disturbances
1483 3179 1512 3239 in
1539 3179 1644 3239 quire
1665 3180 1755 3240 [EJ.

837 3259 903 3319 On
937 3259 1119 3319 vellum.
1162 3263 1236 3323 465
1262 3263 1278 3323 x
1311 3264 1394 3324 295
1419 3267 1536 3327 mm.
1578 3267 1668 3327 The
1702 3267 1786 3327 leaf
1811 3267 1844 3327 is
1868 3267 1968 3327 very
2002 3271 2209 3331 probably

769 3319 908 3379 uncut
929 3319 1026 3379 save
1061 3323 1103 3383 as
1130 3323 1172 3383 to
1200 3323 1269 3383 the
1290 3323 1415 3383 inner
1436 3327 1631 3387 margin,
1645 3328 1742 3388 part
1770 3327 1812 3387 of
1833 3327 1972 3387 which
2000 3327 2139 3387 would
2166 3331 2215 3391 be

765 3379 972 3439 required
1012 3379 1050 3439 to
1096 3383 1219 3443 make
1266 3380 1281 3440 a
1319 3383 1404 3443 flap
1443 3383 1512 3443 for
1543 3385 1620 3445 the
1658 3387 1751 3447 leaf
1782 3387 1828 3447 at
1858 3387 1928 3447 the
1974 3387 2105 3447 other
2136 3391 2213 3451 end

765 3439 805 3499 of
829 3439 901 3499 the
933 3439 1078 3499 quire.
1134 3442 1230 3502 The
1262 3440 1399 3500 vellum
1455 3447 1647 3507 appears
1671 3444 1712 3504 to
1736 3447 1848 3507 have
1872 3447 2065 3507 shrunk,
2080 3447 2121 3507 as
2153 3451 2217 3511 the

776 3501 822 3561 23
853 3499 961 3559 lines
991 3499 1038 3559 of
1061 3499 1162 3559 text
1185 3503 1278 3563 only
1316 3507 1516 3567 measure
1555 3507 1671 3567 323X
1702 3507 1778 3567 203
1810 3507 1926 3567 mm.

839 3593 1022 3653 Bought
1049 3595 1074 3655 in
1117 3595 1370 3655 February,
1388 3603 1527 3663 1855.

774 3747 1021 3807 Another
1061 3751 1318 3811 cancelled
1369 3751 1497 3811 copy
1537 3751 1586 3811 of
1616 3755 1725 3815 leaf
1745 3755 1833 3815 51.

829 3843 955 3903 460x
987 3843 1066 3903 305
1106 3847 1217 3907 mm.
1280 3843 1415 3903 When
1462 3847 1549 3907 this
1589 3844 1700 3904 copy
1739 3847 1834 3907 was
1874 3851 2096 3911 cancelled
2143 3853 2214 3913 the

769 3900 840 3960 red
887 3903 1030 3963 versal
1053 3906 1204 3966 letters
1235 3905 1315 3965 had
1346 3904 1450 3964 been
1489 3907 1624 3967 added
1671 3907 1718 3967 on
1758 3907 1829 3967 the
1861 3911 2011 3971 verso,
2027 3913 2107 3973 but
2138 3915 2217 3975 not

768 3965 816 4025 on
850 3963 918 4023 the
953 3967 1096 4027 recto,
1117 3967 1253 4027 where
1287 3967 1355 4027 the
1390 3967 1547 4027 spaces
1574 3967 1731 4027 remain
1766 3971 1922 4031 blank.

829 4059 1016 4119 Bought
1043 4059 1072 4119 in
1109 4061 1361 4121 February,
1388 4064 1519 4124 1855.

2041 4067 2128 4127 IC.
2149 4075 2226 4135 77.

775 4216 1169 4276 DURANTI,
1192 4222 1552 4282 GULIELMUS.
1587 4223 1879 4283 Rationale
1914 4224 2183 4284 diuinorum

1671 4292 1721 4352 36
1770 4303 2040 4363 October,
2064 4313 2186 4373 1459

843 4297 1167 4357 officiorum.

835 4383 900 4443 12.
919 4389 1042 4449 (red)
1070 4392 1241 4452 Incipit
1269 4399 1476 4459 racônale
1580 4399 1759 4459 diuinox
1798 4399 1996 4459 officion.
2042 4403 2223 4463 (black)

777 4448 968 4508 QVecuq
1017 4451 1042 4511 i
1076 4452 1242 4512 ecclia¬
1267 4455 1400 4515 sticis
1441 4456 1599 4516 officijs
1632 4459 1682 4519 ..
1707 4459 1724 4519 .
1773 4459 1898 4519 160°.
1932 4459 2197 4519 COLOPHON

764 4507 879 4567 (red)
896 4510 911 4570 :
957 4507 1134 4567 Presens
1172 4512 1389 4572 raconalis
1427 4519 1566 4579 d'inox
1612 4515 1743 4575 codex
1798 4515 1967 4575 officion
2076 4519 2206 4579 venu¬

759 4570 878 4630 state
917 4571 1123 4631 capitaliu
1171 4574 1410 4634 decoratus
1449 4575 1687 4635 rubricati-
1719 4579 1932 4639 onibusqe
1965 4579 2219 4639 distinctus,

758 4631 1013 4691 Artificiosa
1059 4631 1276 4691 adinuëtil
1284 4635 1360 4695 lone
1407 4637 1708 4697 imprimendi
1739 4639 1793 4699 ac
1840 4639 2219 4699 caracterizandi;

763 4691 898 4751 absque
917 4691 1071 4751 calami
1090 4695 1313 4755 exaration
1361 4695 1419 4755 sic
1448 4699 1689 4759 effigiatus.
1747 4699 1805 4759 Et
1833 4699 1882 4759 ad
1920 4702 1997 4762 eu¬
2027 4703 2181 4763 sebiam
2277 4703 2345 4763 1.
2364 4703 2402 4763 l.
2421 4707 2500 4767 20:
2528 4711 2615 4771 ...
2644 4707 2846 4767 Explicit
2886 4711 3049 4771 plogus
3126 4711 3299 4771 Incipit
3329 4711 3435 4771 liber
3474 4711 3599 4771 beati
3627 4711 3724 4771 Au¬

2292 544 2375 604 dei
2421 547 2634 607 industrie
2679 547 2748 607 est
2801 550 3037 610 osûmatus
3083 547 3166 607 Per
3281 551 3479 611 Iohanne
3524 551 3615 611 fust
3669 551 3759 611 ciue

2301 607 2582 667 Magutinuz.
2640 610 2698 670 Et
2734 607 2857 667 petrû
2965 611 3276 671 Gerngheym.
3340 607 3543 667 Clericum
3615 611 3759 671 dioceß

2303 667 2528 727 eiusdem.

2629 667 2770 727 Anno
2816 667 2902 727 dni
2949 670 3183 730 Millesimo
3237 671 3674 731 quadringentesimo

2301 729 2797 789 quiquagesimonono.
2854 728 2932 788 Sex
2975 731 3039 791 die
3074 731 3301 791 Octobris.

2348 811 2482 871 Folio.
2546 815 2609 875 160
2645 815 2793 875 leaves.

2845 815 2858 875 2
2899 815 3090 875 columns.
3152 815 3193 875 22
3213 815 3227 875 :
3248 815 3295 875 63
3323 819 3439 879 lines,
3460 815 3555 875 285X
3583 818 3644 878 192
3665 819 3760 879 mm.

2352 863 2391 923 92
2410 863 2423 923 :
2455 862 2551 922 289x
2577 863 2756 923 193mm.
2801 864 2988 924 Hyphens
3020 866 3168 926 outside
3200 866 3257 926 the
3296 867 3463 927 column.
3514 864 3675 924 Types:
3700 869 3758 929 91,

2346 906 2383 966 xt
2396 908 2408 968 ;
2440 911 2522 971 118,
2541 912 2748 972 colophon.
2792 915 3069 975 Thirteen-line
3100 915 3119 975 Q
3163 915 3188 975 in
3213 915 3283 975 two
3314 915 3465 975 colours
3490 915 3528 975 at
3547 915 3748 975 beginning

2302 955 2338 1015 of
2368 959 2447 1019 text
2459 959 2471 1019 ;
2495 962 2604 1022 other
2628 963 2779 1023 smaller
2809 963 3034 1023 two-colour
3052 963 3197 1023 printed
3227 963 3384 1023 capitals
3408 963 3444 1023 at
3468 963 3693 1023 beginnings
3723 963 3759 1023 of

2295 1005 2389 1065 later
2411 1007 2561 1067 books;
2589 1011 2800 1071 numerous
2827 1011 2944 1071 3-line
2972 1011 3133 1071 capitals
3166 1011 3194 1071 in
3227 1011 3316 1071 red.
3366 1011 3399 1071 In
3438 1011 3493 1071 the
3532 1011 3754 1071 two-colour

2302 1055 2458 1115 capitals
2483 1059 2549 1119 one
2579 1057 2707 1117 colour
2725 1059 2755 1119 is
2779 1059 2912 1119 always
2942 1059 3021 1119 red,
3040 1059 3094 1119 the
3124 1059 3233 1119 other
3251 1059 3427 1119 different
3451 1063 3583 1123 shades
3614 1063 3656 1123 of
3680 1063 3759 1123 dull

2303 1104 2384 1164 blue
2411 1107 2478 1167 and
2505 1107 2613 1167 grey.
2667 1107 2767 1167 Four
2787 1111 2976 1171 pinholes.
3029 1111 3124 1171 Hain
3157 1111 3272 1171 6471.

2350 1187 2423 1247 On
2453 1187 2644 1247 vellum.
2688 1191 2769 1251 415
2798 1191 2813 1251 x
2850 1191 2923 1251 305
2953 1191 3063 1251 mm.
3121 1193 3577 1253 Paragraph-marks,
3591 1191 3761 1251 initial-

2293 1247 2480 1307 strokes,
2501 1247 2581 1307 and
2615 1251 2870 1311 underlines
2904 1251 3099 1311 supplied
3140 1251 3166 1311 in
3206 1251 3267 1311 red
3300 1251 3314 1311 ;
3348 1251 3428 1311 also
3462 1251 3482 1311 a
3516 1251 3576 1311 few
3623 1251 3751 1311 3-line

2301 1308 2487 1368 capitals
2509 1309 2544 1369 to
2580 1311 2637 1371 fill
2659 1311 2802 1371 places
2831 1311 3118 1371 accidentally
3146 1311 3226 1371 left
3247 1313 3368 1373 blank
3405 1312 3448 1372 by
3476 1311 3548 1371 the
3576 1315 3755 1375 printer.

2354 1399 2473 1459 King
2506 1399 2675 1459 George
2710 1399 2820 1459 III's
2845 1399 2955 1459 copy
2989 1403 3065 1463 (C.
3091 1406 3158 1466 14.
3175 1403 3218 1463 e.
3243 1404 3302 1464 6).

3567 1402 3654 1462 IC.
3674 1403 3761 1463 78.

2292 1519 2550 1579 Another
2585 1519 2745 1579 copy.

2338 1599 2407 1659 22:
2435 1603 2538 1663 286x
2565 1603 2745 1663 193mm.
2793 1605 2911 1665 1592:
2939 1603 3042 1663 286X
3070 1603 3132 1663 190
3152 1607 3249 1667 mm.

2361 1687 2419 1747 On
2461 1691 2647 1751 vellum.
2715 1691 2841 1751 411x
2875 1694 2951 1754 298
2992 1691 3111 1751 mm.
3161 1691 3263 1751 The
3305 1695 3448 1755 7-line
3490 1695 3659 1755 printed
3701 1702 3726 1762 Q

2297 1751 2324 1811 in
2365 1751 2440 1811 two
2474 1751 2644 1811 colours
2679 1753 2719 1813 on
2760 1755 2862 1815 154°
2890 1755 2938 1815 of
2965 1755 3034 1815 the
3067 1754 3224 1814 King's
3251 1753 3360 1813 copy
3402 1755 3476 1815 has
3504 1755 3606 1815 here
3647 1755 3742 1815 been

2294 1808 2506 1868 omitted,
2541 1811 2626 1871 and
2675 1811 2746 1871 the
2795 1811 2965 1871 capital
3007 1815 3212 1875 supplied
3268 1813 3325 1873 by
3381 1815 3494 1875 hand
3551 1815 3586 1875 in
3636 1815 3764 1875 blue.

2300 1871 2476 1931 Besides
2517 1871 2965 1931 paragraph-marks,
3006 1872 3101 1932 &c.,
3135 1875 3203 1935 the
3251 1875 3495 1935 rubricator
3536 1875 3611 1935 has
3651 1875 3739 1935 also

2294 1931 2435 1991 added
2477 1931 2498 1991 a
2547 1931 2611 1991 few
2667 1931 2907 1991 headings.
2978 1931 3091 1991 This
3126 1931 3239 1991 copy
3281 1935 3359 1995 has
3394 1935 3443 1995 an
3493 1935 3619 1995 extra
3669 1936 3753 1996 leaf

2298 1991 2469 2051 (blank)
2506 1991 2558 2051 at
2595 1991 2670 2051 the
2714 1993 2826 2053 end.
2908 1994 3027 2054 With
3086 1995 3205 2055 label
3273 1995 3339 2055 Ex
3399 1995 3562 2055 musæo
3621 1995 3755 2055 Pauli

2299 2051 2509 2111 Girardot
2546 2051 2599 2111 de
2637 2051 2877 2111 Prefond'.

2347 2139 2577 2199 Grenville
2604 2139 2719 2199 copy
2755 2143 2834 2203 (G.
2861 2143 3047 2203 11968).

3570 2143 3669 2203 IC.
3693 2151 3768 2211 79.

2289 2271 2658 2331 CLEMENS
2752 2267 2823 2327 V.
2927 2275 3369 2335 Constitutiones
3431 2275 3739 2335 Clementis

2362 2355 2525 2415 papae
2570 2351 2598 2411 V
2643 2355 2734 2415 cum
2797 2355 3051 2415 apparatu
3096 2355 3323 2415 Joannis
3359 2355 3639 2415 Andreae.

3282 2431 3363 2491 *25
3404 2439 3557 2499 June,
3588 2443 3753 2503 1460.

2356 2520 2414 2580 12.
2456 2523 2790 2583 Commentary
2814 2523 2831 2583 :
2872 2523 3165 2583 IJOhannes.
3190 2527 3390 2587 graciosû
3431 2527 3506 2587 hoc
3547 2527 3681 2587 nome
3714 2533 3731 2593 p

2293 2583 2592 2643 intpretacones
2639 2583 2899 2643 deriuacones
2939 2583 3015 2643 vel
3055 2587 3293 2647 ethimolo¬
3327 2587 3429 2647 gias
3470 2587 3634 2647 extollé
3688 2587 3735 2647 no

2287 2643 2353 2703 est
2389 2643 2492 2703 meü
2536 2643 2550 2703 .
2580 2646 2595 2706 .
2624 2647 2639 2707 .
2682 2644 2814 2704 [text
2851 2643 3020 2703 (red):]
3056 2645 3261 2705 Incipiût
3298 2647 3533 2707 ostitucoes
3576 2650 3746 2710 clemê¬

2291 2703 2351 2763 tis
2404 2703 2495 2763 ppe
2532 2703 2592 2763 .v.
2615 2703 2751 2763 vnacu
2788 2703 3007 2763 apparatu
3044 2707 3128 2767 dni
3158 2707 3233 2767 lo.
3293 2707 3496 2767 Andree.
3572 2707 3707 2767 (black

2307 2763 2517 2823 Ohâes
2580 2763 2659 2823 eps
2682 2763 2759 2823 6u°
2822 2763 2978 2823 seruoz
3041 2763 3119 2823 dei
3151 2767 3166 2827 .
3190 2767 3205 2827 .
3236 2768 3252 2828 .
3322 2767 3424 2827 48b.
3463 2767 3728 2827 COLOPHON

2287 2823 2411 2883 (red)
2418 2822 2432 2882 :
2469 2823 2658 2883 Presens
2703 2823 2943 2883 Clementis
2994 2827 3074 2887 ppe
3118 2827 3242 2887 quiti
3271 2827 3526 2887 ostitutionu
3578 2827 3716 2887 codex

2287 2883 2449 2943 vnacum
2556 2883 2775 2943 apparatu
2831 2883 2924 2943 dni
2966 2883 3072 2943 loh.
3114 2883 3200 2943 an.
3249 2885 3348 2945 Suis
3405 2887 3745 2947 rubricaconib»

2287 2943 2524 3003 sufficieter
2581 2943 2739 3003 distin¬
2775 2943 2898 3003 ctus.
2962 2944 3220 3004 Artificiosa
3271 2944 3530 3004 adinuëtion
3587 2950 3744 3010 impri¬

2289 2999 2428 3059 médi,
2483 3003 2531 3063 ac
2558 3003 2933 3063 caracterizandi.
2981 3004 3112 3064 absque
3133 3003 3203 3063 vlla
3237 3003 3403 3063 calami
3424 3007 3646 3067 exaration
3687 3007 3735 3067 sic

2287 3059 2536 3119 effigiatus:
2573 3063 2624 3123 et
2661 3063 2712 3123 ad
2763 3063 2946 3123 eusebiâ
2991 3064 3071 3124 dei
3122 3063 3335 3123 industrie
3386 3065 3452 3125 est
3496 3067 3746 3127 osûmatus.

2285 3119 2363 3179 Per
2401 3120 2589 3180 lohânez
2612 3123 2699 3183 fust
2722 3123 2807 3183 ciue
2846 3120 3104 3180 Moguntin.
3159 3123 3221 3183 Et
3252 3123 3370 3183 petrû
3401 3127 3658 3187 Schoiffher
3689 3129 3736 3189 de

2286 3179 2561 3239 gernbheim.
2604 3183 2766 3243 Clericu
2802 3183 2950 3243 dioceb
2978 3183 3169 3243 eiusdez.
3226 3187 3353 3247 Anno
3388 3187 3529 3247 domi.
3551 3187 3614 3247 M.
3629 3188 3749 3248 cccc.

2295 3239 2610 3299 Sexagesimo.
2648 3243 2762 3303 xxv.
2801 3243 2870 3303 die
2916 3243 3077 3303 Mensis
3116 3243 3262 3303 Iunij.
3338 3248 3461 3308 [492.
3499 3247 3645 3307 Exiui
3683 3247 3729 3307 de

2668 3299 2746 3359 50°
2767 3303 2908 3363 (red):
2937 3303 3200 3363 Constituco
3235 3304 3497 3364 execrabilis
3525 3307 3738 3367 Iohannis

2284 3299 2538 3359 paradiso.

2717 3364 2745 3424 b.
2789 3359 2825 3419 1.
2853 3364 2904 3424 25
2948 3363 3099 3423 (red):
3142 3363 3309 3423 Constö
3359 3367 3648 3427 extrauagäs,
3684 3371 3727 3431 ad

2291 3362 2403 3422 pape
2455 3363 2582 3423 xxij.

2282 3419 2475 3479 regime.
2491 3419 2678 3479 Bndicti
2702 3417 2799 3477 ppe.
2815 3423 2904 3483 xij.
2953 3423 3017 3483 ib.
3033 3423 3122 3483 col.
3138 3423 3179 3483 2,
3187 3426 3220 3486 l.
3244 3431 3421 3491 55....
3445 3427 3583 3487 END:
3607 3427 3728 3487 Datu

2285 3479 2481 3539 Auinion
2546 3483 2587 3543 in
2611 3483 2726 3543 ydus
2760 3483 2972 3543 lanuarij.
2996 3483 3283 3543 Pontificatus
3315 3487 3398 3547 nri.
3422 3487 3545 3547 Anno
3577 3488 3742 3548 primo.

2328 3559 2455 3619 Folio.
2501 3563 2542 3623 50
2568 3563 2715 3623 leaves.
2763 3563 2776 3623 2
2802 3565 2997 3625 columns,
3010 3567 3070 3627 the
3104 3567 3364 3627 commentary
3391 3567 3638 3627 surrounding
3672 3571 3732 3631 the

2036 3599 2120 3659 IC.
2145 3605 2221 3665 76.
2281 3610 2381 3670 text.
2423 3611 2465 3671 22
2482 3612 2500 3672 :
2525 3615 2575 3675 79
2600 3611 2701 3671 lines
2726 3615 2769 3675 of
2794 3615 3072 3675 commentary,
3097 3615 3189 3675 360x
3214 3615 3282 3675 265
3307 3618 3408 3678 mm.
3458 3615 3552 3675 506:
3577 3618 3610 3678 56
3635 3619 3728 3679 lines

2279 3656 2317 3716 of
2336 3659 2427 3719 text,
2440 3662 2505 3722 331
2524 3659 2537 3719 x
2562 3663 2627 3723 229
2647 3663 2744 3723 mm.
2782 3663 2975 3723 Hyphens
2995 3666 3137 3726 outside
3156 3666 3214 3726 the
3241 3667 3408 3727 column.
3459 3663 3628 3723 Two-or
3641 3667 3738 3727 four¬

2280 3709 2349 3769 line
2375 3709 2508 3769 spaces
2527 3711 2583 3771 for
2603 3711 2780 3771 capitals.
2831 3715 2976 3775 Types:
3007 3715 3090 3775 118,
3109 3716 3204 3776 text;
3229 3718 3292 3778 91,
3311 3715 3595 3775 commentary.
3634 3715 3734 3775 Four

2281 3759 2477 3819 pinholes.
2523 3763 2627 3823 Hain
2661 3763 2771 3823 5410.

2322 3835 2440 3895 1-48,
2454 3835 2523 3895 text
2537 3835 2580 3895 of
2593 3835 2649 3895 the
2669 3839 2948 3899 Constitutions
2962 3839 3004 3899 of
3018 3839 3191 3899 Clement
3205 3842 3254 3902 V,
3268 3839 3344 3899 with
3373 3839 3428 3899 the
3449 3843 3734 3903 commentary:

2274 3887 2343 3947 49,
2349 3884 2407 3944 the
2432 3883 2514 3943 bull
2540 3883 2660 3943 Exivi
2679 3886 2717 3946 de
2742 3887 2945 3947 Paradiso'
2958 3887 3002 3947 of
3014 3887 3078 3947 the
3097 3887 3198 3947 same
3223 3891 3337 3951 pope,
3350 3891 3534 3951 declaring
3559 3891 3617 3951 the
3642 3891 3731 3951 Rule

2282 3928 2322 3988 of
2342 3931 2404 3991 the
2438 3935 2567 3995 Friars
2594 3935 2724 3995 Minor
2744 3937 2758 3997 ;
2791 3935 2853 3995 50,
2873 3936 2934 3996 the
2968 3937 3220 3997 Constitution
3274 3939 3540 3999 Execrabilis'
3567 3939 3608 3999 of
3635 3939 3723 3999 John

2280 3983 2398 4043 XXII
2420 3985 2569 4045 against
2591 3987 2799 4047 pluralism,
2822 3987 2895 4047 with
2925 3987 2985 4047 the
3037 3987 3088 4047 Ad
3118 3987 3318 4047 regimen'
3333 3987 3378 4047 of
3393 3990 3579 4050 Benedict
3601 3991 3689 4051 XII.

2344 4067 2613 4127 Onvellum.
2668 4067 2748 4127 470
2771 4067 2787 4127 x
2818 4071 2898 4131 317
2922 4069 3041 4129 mm.
3088 4067 3349 4127 Imperfect,
3365 4071 3547 4131 wanting
3579 4075 3729 4135 leaves

2284 4127 2298 4187 I
2328 4124 2410 4184 and
2440 4130 2521 4190 49.
2581 4127 2670 4187 The
2700 4130 2819 4190 place
2848 4129 2894 4189 of
2916 4131 3005 4191 leaf
3028 4131 3050 4191 1
3072 4129 3109 4189 is
3131 4131 3258 4191 taken
3296 4131 3347 4191 by
3377 4131 3526 4191 leaves
3548 4131 3563 4191 1
3593 4135 3674 4195 and
3704 4135 3719 4195 2

2278 4183 2329 4243 of
2355 4185 2431 4245 the
2466 4187 2629 4247 edition
2671 4187 2722 4247 of
2748 4190 2885 4250 1467.
2944 4191 3064 4251 Plain
3106 4191 3294 4251 capitals
3328 4194 3406 4254 and
3448 4195 3731 4255 paragraph-

2273 4247 2429 4307 marks
2460 4251 2663 4311 supplied
2709 4248 2741 4308 in
2787 4247 2888 4307 red.

2338 4335 2450 4395 King
2480 4335 2661 4395 George
2691 4335 2792 4395 III's
2822 4338 2923 4398 copy
2963 4339 3044 4399 (C.
3064 4339 3134 4399 10.
3155 4343 3195 4403 e.
3215 4343 3275 4403 9).

3546 4343 3637 4403 IC.
3656 4343 3738 4403 82.

2276 4475 2834 4535 AUGUSTINUS.
2904 4475 2983 4535 De
3017 4479 3131 4539 Vita
3176 4479 3507 4539 Christiana.

3439 4559 3727 4619 Undated.

2332 4641 2389 4701 1e.
2418 4647 2560 4707 [Elgo
2598 4647 2730 4707 prim?
2759 4644 2911 4704 peccor
2940 4647 2958 4707 z
2977 4647 3129 4707 ultim?
3158 4648 3452 4708 insipiétiorqe
3490 4651 3727 4711 ceteris...
