4001 5711
813 555 889 615 The
920 555 1059 615 double
1090 555 1260 615 woodcut
1292 551 1443 611 marked
1481 551 1499 611 G
1538 551 1733 611 measures
1764 547 1833 607 251
1846 547 1865 607 X
1891 547 1953 607 190
1985 547 2105 607 mm.;
2136 543 2224 603 that

766 607 917 667 marked
956 606 1009 666 K,
1029 603 1068 663 on
1108 603 1167 663 the
1199 601 1311 661 other
1338 600 1423 660 half
1443 599 1482 659 of
1508 599 1568 659 the
1601 599 1699 659 same
1732 596 1863 656 sheet,
1889 599 1988 659 252X
2014 595 2100 655 195.
2153 595 2225 655 The

757 655 869 715 space
896 651 1054 711 between
1087 653 1146 713 the
1173 651 1239 711 two
1265 651 1351 711 cuts
1377 651 1404 711 is
1430 648 1443 708 9
1470 651 1569 711 mm.
1622 649 1700 709 The
1727 647 1813 707 sixth
1853 647 1991 707 edition
2024 643 2222 703 according

768 707 797 767 to
826 703 1053 763 Schreiber.

818 779 901 839 285
924 779 939 839 X
970 779 1045 839 202
1076 779 1190 839 mm.
1251 775 1342 835 The
1388 771 1624 831 woodcuts
1654 773 1890 833 coloured.
1959 771 2232 831 Unbound;

763 843 979 903 gathered
1021 839 1112 899 into
1154 838 1270 898 three
1312 835 1487 895 quires,
1512 835 1587 895 and
1637 835 1745 895 kept
1778 835 1811 895 in
1853 835 1870 895 a
1911 835 2028 895 case.
2086 829 2202 889 From

773 904 839 964 the
877 899 1048 959 Weigel
1070 899 1302 959 collection
1339 899 1451 959 (No.
1473 906 1599 966 253).

2051 975 2141 1035 IB.
2162 979 2232 1039 14.

832 983 1019 1043 Bought
1042 983 1073 1043 in
1111 982 1252 1042 June,
1275 979 1406 1039 1872.

765 1127 907 1187 ARS
972 1119 1512 1179 MEMORANDI.
1578 1119 1692 1179 Ars
1739 1119 2098 1179 memorandi
2136 1115 2230 1175 per

842 1207 1036 1267 figuras
1071 1203 1557 1263 euangelistarum.
1627 1199 1963 1259 [Germany,
1980 1199 2033 1259 c.
2050 1199 2209 1259 1470.

837 1287 873 1347 1'
923 1290 1009 1350 Ars
1039 1291 1333 1351 memorandi
1362 1287 1570 1347 notabilis
1600 1287 1621 1347 p
1701 1283 1873 1343 figuras
1909 1279 2218 1339 ewangelistau

770 1350 838 1410 hic
877 1349 922 1409 er
1000 1350 1107 1410 post
1146 1347 1399 1407 descriptam
1460 1345 1507 1405 qo
1537 1347 1729 1407 diligens
1813 1343 1951 1403 lector
1990 1343 2227 1403 diligenter

773 1408 895 1468 legat
926 1411 972 1471 et
995 1409 1110 1469 pctil
1125 1407 1194 1467 cet
1225 1407 1302 1467 per
1332 1407 1455 1467 signa
1493 1407 1648 1467 localia
1678 1403 1724 1463 ut
1754 1403 1785 1463 in
1824 1403 1877 1463 pe
1923 1403 1993 1463 tica
2038 1401 2230 1461 expitur.

776 1468 999 1528 Ewageliu
1034 1471 1243 1531 lohannis
1272 1467 1380 1527 habz
1437 1466 1718 1526 vigintiunum
1768 1463 1963 1523 capitula
1992 1463 2006 1523 .
2027 1463 2077 1523 ..
2135 1460 2237 1520 29°.

774 1531 806 1591 l.
830 1531 1015 1591 14:...
1031 1527 1473 1587 Vicesimumtercium
1579 1523 1860 1583 capitulum.
1933 1521 1997 1581 De
2062 1519 2214 1579 iudicio

781 1591 935 1651 pylaci
983 1587 1128 1647 coltra
1178 1587 1323 1647 ihesum
1390 1585 1448 1645 de
1496 1586 1651 1646 cosilio
1700 1583 1893 1643 iudeou.
1951 1580 2233 1640 Vilscesimü¬

782 1647 1008 1707 quartum.
1068 1647 1158 1707 Vna
1197 1647 1317 1707 autem
1369 1644 1588 1704 sablbati
1649 1642 1709 1702 De
1746 1643 1995 1703 resurrecoe
2018 1643 2108 1703 xpi
2123 1640 2138 1700 i
2161 1639 2206 1699 ei

776 1711 937 1771 maifes
974 1707 1098 1767 tacone
1127 1707 1171 1767 p°
1208 1707 1391 1767 fsurrcos
1464 1707 1639 1767 appico3
1669 1703 1684 1763 i
1706 1703 1874 1763 emaus.
1896 1707 1948 1767 p.

827 1782 954 1842 Folio.
995 1779 1105 1839 a-p2.
1151 1779 1193 1839 30
1221 1783 1361 1843 leaves,
1378 1783 1564 1843 arranged
1599 1779 1627 1839 in
1657 1779 1773 1839 single
1802 1779 1924 1839 sheets
1947 1779 1987 1839 of
2011 1779 2080 1839 two
2104 1779 2231 1839 leaves

779 1834 889 1894 each,
918 1835 1057 1895 printed
1092 1831 1121 1891 in
1162 1831 1290 1891 brown
1324 1831 1406 1891 ink,
1435 1827 1476 1887 on
1510 1831 1574 1891 one
1609 1829 1691 1889 side
1719 1829 1830 1889 only,
1847 1827 1888 1887 on
1923 1827 1986 1887 the
2022 1823 2126 1883 verso
2161 1827 2224 1887 and

773 1883 875 1943 recto
900 1883 1140 1943 alternately,
1152 1882 1184 1942 so
1209 1879 1298 1939 that
1317 1879 1374 1939 the
1399 1879 1481 1939 first
1494 1879 1583 1939 page
1614 1879 1639 1939 is
1658 1879 1791 1939 blank,
1804 1877 1873 1937 and
1899 1875 2101 1935 thereafter
2127 1874 2227 1934 every

773 1931 841 1991 two
884 1931 995 1991 pages
1033 1931 1076 1991 of
1101 1929 1243 1989 printed
1287 1928 1423 1988 matter
1460 1927 1516 1987 are
1553 1927 1720 1987 followed
1770 1924 1813 1984 by
1850 1926 1918 1986 two
1955 1927 2061 1987 blank
2104 1926 2241 1986 pages,

776 1981 872 2041 until
890 1979 951 2039 the
976 1979 1084 2039 blank
1114 1979 1206 2039 page
1230 1979 1266 2039 at
1290 1976 1350 2036 the
1381 1979 1472 2039 end.
1508 1975 1562 2035 Of
1581 1975 1666 2035 each
1696 1975 1774 2035 pair
1799 1975 1836 2035 of
1854 1975 1993 2035 printed
2023 1975 2138 2035 pages
2162 1974 2229 2034 one

780 2027 804 2087 is
840 2027 1016 2087 occupied
1058 2027 1101 2087 by
1137 2027 1234 2087 text,
1258 2027 1319 2087 the
1355 2027 1471 2087 other
1501 2027 1544 2087 by
1580 2027 1623 2087 an
1659 2025 1907 2085 illustration.
1962 2019 2028 2079 1b:
2053 2023 2089 2083 22
2132 2024 2241 2084 lines,

782 2079 849 2139 232
866 2079 885 2139 X
915 2077 975 2137 165
1005 2078 1102 2138 mm.

829 2147 905 2207 The
944 2147 1072 2207 design
1111 2147 1155 2207 of
1182 2147 1246 2207 the
1284 2147 1374 2207 book
1419 2147 1451 2207 is
1483 2147 1515 2207 to
1554 2147 1708 2207 provide
1747 2147 1849 2207 helps
1881 2147 1914 2207 to
1952 2143 2228 2203 remembering

785 2198 838 2258 the
868 2195 975 2255 order
1004 2198 1075 2258 and
1104 2195 1211 2255 chief
1235 2195 1353 2255 topics
1383 2195 1418 2255 of
1442 2195 1501 2255 the
1531 2195 1744 2255 successive
1774 2195 1951 2255 chapters
1981 2191 2016 2251 of
2046 2191 2105 2251 the
2135 2191 2235 2251 Four

780 2247 1047 2307 Evangelists.
1089 2243 1168 2303 The
1192 2243 1313 2303 centre
1338 2243 1374 2303 of
1393 2243 1477 2303 each
1508 2243 1648 2303 picture
1672 2243 1702 2303 is
1726 2243 1896 2303 occupied
1927 2243 1969 2303 by
1994 2243 2048 2303 the
2072 2243 2218 2303 emblem

781 2292 821 2352 of
844 2295 902 2355 the
942 2295 1186 2355 Evangelist,
1209 2295 1279 2355 and
1313 2291 1355 2351 on
1395 2291 1435 2351 or
1464 2291 1580 2351 about
1609 2291 1684 2351 this
1714 2291 1772 2351 are
1806 2291 1928 2351 placed
1969 2291 2027 2351 the
2062 2290 2235 2350 symbols

772 2340 817 2400 of
834 2343 885 2403 the
914 2343 1114 2403 chapters.
1166 2343 1285 2403 Thus,
1303 2341 1366 2401 two
1394 2343 1491 2403 faces
1514 2339 1583 2399 and
1612 2342 1623 2402 a
1651 2339 1743 2399 dove
1771 2339 1965 2399 symbolize
1995 2339 2051 2399 the
2080 2339 2241 2399 Trinity,

786 2390 841 2450 for
878 2391 1052 2451 Chapter
1089 2391 1113 2451 I
1151 2387 1194 2447 of
1225 2391 1274 2451 S.
1311 2391 1447 2451 John's
1484 2391 1639 2451 Gospel
1652 2391 1664 2451 ;
1701 2391 1719 2451 a
1757 2391 1831 2451 lute
1874 2391 1936 2451 the
1979 2387 2165 2447 marriage
2202 2387 2245 2447 at

775 2441 875 2501 Cana
904 2441 933 2501 in
962 2439 1132 2499 Chapter
1156 2439 1214 2499 II,
1238 2439 1308 2499 &c.
1355 2439 1460 2499 Each
1490 2441 1583 2501 page
1613 2439 1654 2499 of
1671 2439 1754 2499 text
1777 2439 1906 2499 begins
1936 2439 2011 2499 with
2041 2435 2059 2495 a
2082 2435 2241 2495 capital.

788 2487 846 2547 the
874 2487 956 2547 first
985 2488 1188 2548 occupying
1223 2489 1281 2549 the
1316 2487 1427 2547 depth
1461 2487 1496 2547 of
1520 2487 1589 2547 five
1624 2489 1734 2549 lines,
1751 2487 1810 2547 the
1844 2487 1972 2547 others
2001 2487 2042 2547 of
2065 2487 2170 2547 three
2205 2484 2239 2544 or

778 2537 875 2597 four.
925 2535 974 2595 At
1001 2535 1061 2595 the
1099 2538 1165 2598 end
1203 2535 1241 2595 of
1269 2535 1328 2595 the
1361 2535 1437 2595 text
1464 2535 1492 2595 is
1519 2536 1536 2596 a
1568 2535 1781 2595 signature,
1803 2535 1873 2595 but
1896 2535 1955 2595 the
1988 2535 2173 2595 positions
2206 2535 2244 2595 of

780 2587 842 2647 the
871 2583 1001 2643 letters
1030 2583 1047 2643 b
1080 2586 1148 2646 and
1182 2583 1200 2643 c
1234 2583 1324 2643 have
1358 2583 1444 2643 been
1483 2585 1676 2645 reversed,
1699 2586 1733 2646 so
1767 2583 1852 2643 that
1880 2583 1937 2643 the
1971 2583 2107 2643 second
2141 2583 2237 2643 page

785 2635 825 2695 of
848 2635 924 2695 text
953 2635 982 2695 is
1005 2635 1139 2695 signed
1168 2631 1208 2691 c,
1225 2633 1295 2693 and
1330 2633 1388 2693 the
1417 2631 1510 2691 third
1551 2631 1591 2691 b.
1638 2633 1719 2693 Dr.
1736 2635 1940 2695 Schreiber
1968 2632 2241 2692 distinguishes

775 2683 874 2743 three
915 2683 1091 2743 different
1120 2683 1308 2743 editions,
1331 2683 1401 2743 and
1436 2683 1542 2743 three
1571 2683 1752 2743 different
1782 2679 1899 2739 issues
1934 2682 1975 2742 of
2004 2680 2063 2740 the
2098 2682 2180 2742 first
2209 2679 2244 2739 of

780 2733 900 2793 them.
951 2735 989 2795 In
1027 2731 1166 2791 edition
1204 2727 1242 2787 12
1273 2728 1331 2788 the
1368 2731 1494 2791 initial
1520 2730 1545 2790 V
1583 2728 1627 2788 on
1665 2731 1741 2791 leaf
1773 2731 1811 2791 15
1848 2728 1881 2788 is
1912 2731 2102 2791 omitted;
2127 2729 2159 2789 in
2196 2724 2215 2784 i

773 2783 803 2843 it
833 2783 862 2843 is
887 2783 1066 2843 omitted,
1084 2782 1149 2842 and
1185 2781 1227 2841 its
1257 2779 1365 2839 place
1394 2779 1502 2839 taken
1538 2779 1580 2839 by
1609 2779 1622 2839 a
1658 2779 1789 2839 square
1819 2779 1855 2839 of
1879 2779 1986 2839 black
2010 2779 2022 2839 ;
2046 2779 2076 2839 in
2112 2779 2154 2839 1e
2184 2779 2243 2839 the

787 2831 912 2891 initial
934 2831 1087 2891 occurs,
1110 2831 1178 2891 and
1212 2831 1246 2891 in
1280 2827 1343 2887 the
1377 2831 1501 2891 hollow
1541 2827 1581 2887 of
1609 2827 1665 2887 the
1700 2829 1807 2889 letter
1830 2827 1932 2887 there
1966 2827 1994 2887 is
2028 2827 2045 2887 a
2080 2827 2170 2887 fruit
2198 2827 2244 2887 or

790 2879 926 2939 tassel,
949 2879 1016 2939 and
1051 2879 1159 2939 below
1198 2879 1273 2939 this
1301 2879 1340 2939 an
1380 2879 1596 2939 engraver's
1624 2875 1755 2935 mark.
1818 2875 1851 2935 In
1886 2875 2028 2935 edition
2062 2875 2090 2935 II
2118 2875 2181 2935 the
2215 2875 2232 2935 V

789 2927 813 2987 is
837 2927 928 2987 open
958 2927 995 2987 at
1013 2927 1073 2987 the
1098 2927 1183 2987 top.
1244 2927 1280 2987 In
1305 2927 1444 2987 edition
1480 2927 1535 2987 III
1559 2927 1589 2987 it
1607 2927 1638 2987 is
1662 2927 1808 2987 closed.
1857 2927 1948 2987 This
1972 2927 2063 2987 copy
2087 2927 2245 2987 belongs

791 2979 819 3039 to
846 2979 907 3039 the
935 2979 1073 3039 second
1101 2979 1262 3039 edition.

854 3052 975 3112 270X
1003 3051 1083 3111 186
1126 3055 1240 3115 mm.
1298 3055 1390 3115 The
1433 3055 1634 3115 original
1670 3055 1820 3115 sheets
1855 3051 1970 3111 have
2013 3051 2114 3111 been
2171 3047 2242 3107 cut

790 3111 816 3171 in
855 3115 948 3175 half
981 3114 1052 3174 and
1098 3111 1171 3171 the
1210 3115 1355 3175 leaves
1394 3115 1585 3175 guarded
1631 3111 1670 3171 so
1710 3113 1749 3173 as
1782 3111 1815 3171 to
1861 3114 2012 3174 enable
2045 3111 2144 3171 them
2202 3111 2242 3171 to

795 3171 842 3231 be
876 3172 1020 3232 bound
1061 3174 1176 3234 more
1217 3171 1374 3231 easily.
1435 3175 1524 3235 The
1571 3171 1728 3231 binder
1756 3171 1831 3231 has
1865 3171 1967 3231 been
2001 3171 2151 3231 misled
2192 3169 2239 3229 by

798 3231 863 3291 the
889 3231 1027 3291 wrong
1066 3232 1197 3292 order
1223 3231 1270 3291 of
1289 3231 1354 3291 the
1387 3231 1636 3291 signatures
1655 3231 1675 3291 c
1701 3231 1780 3291 and
1813 3231 1865 3291 b,
1878 3233 1950 3293 and
1989 3231 2061 3291 has
2094 3231 2238 3291 placed

793 3291 859 3351 the
905 3291 1061 3351 second
1098 3291 1210 3351 page
1255 3295 1299 3355 of
1329 3291 1434 3351 text
1464 3295 1575 3355 after
1613 3292 1687 3352 the
1725 3291 1837 3351 third
1881 3291 1963 3351 and
2000 3291 2142 3351 facing
2180 3291 2246 3351 the

794 3355 941 3415 wrong
974 3355 1268 3415 illustration.

2080 3423 2161 3483 IB.
2188 3422 2261 3482 17.

858 3427 1038 3487 Bought
1062 3423 1104 3483 in
1137 3423 1432 3483 September,
1456 3427 1587 3487 1854.

795 3566 937 3626 ARS
1010 3559 1460 3619 MORIENDI.

1275 3643 1525 3703 [District
1543 3643 1601 3703 of
1630 3643 1707 3703 the
1745 3643 1956 3703 Rhine,
1985 3644 2033 3704 c.
2062 3643 2263 3703 1465?)

861 3727 928 3787 1b.
958 3728 1047 3788 Ars
1085 3727 1330 3787 moriendi.
1412 3727 1658 3787 QVamuis
1695 3727 1918 3787 secundum
1978 3729 2245 3789 philosophu

806 3787 958 3847 Tercio
1000 3787 1228 3847 ethicorum
1318 3787 1504 3847 Omnium
1547 3787 1768 3847 terribilium
1802 3787 1920 3847 mors
1962 3787 2155 3847 corporis
2197 3787 2252 3847 sit

798 3847 1119 3907 terribilissima
1202 3847 1350 3907 morti
1370 3847 1518 3907 tamen
1557 3847 1698 3907 anime
1737 3847 1988 3907 nullatenus
2026 3847 2096 3907 est
2129 3847 2252 3907 com¬

807 3911 997 3971 paranda
1053 3903 1201 3963 Teste
1230 3907 1462 3967 augustino
1497 3907 1575 3967 qui
1596 3907 1652 3967 ait
1681 3907 1822 3967 Maius
1850 3909 1913 3969 est
1934 3911 2160 3971 dampnum
2210 3907 2245 3967 in

805 3968 1013 4028 amissio¬
1054 3967 1102 4027 ne
1130 3967 1255 4027 vnius
1282 3967 1428 4027 anime
1455 3967 1497 4027 quo
1524 3967 1634 4027 mille
1670 3967 1850 4027 corporu
1884 3969 1967 4029 ...
2022 3967 2119 4027 24°.
2140 3967 2174 4027 l.
2188 3969 2257 4029 28,

807 4027 1060 4087 END:...
1081 4023 1160 4083 Sed
1202 4027 1279 4087 heû
1322 4027 1456 4087 paûci
1484 4027 1590 4087 sûnt
1619 4027 1703 4087 qui
1731 4027 1766 4087 in
1851 4027 1993 4087 morte
2035 4027 2254 4087 proximis

805 4087 893 4147 suis
920 4087 1118 4147 fideliter
1152 4087 1336 4147 assistût
1370 4087 1683 4147 interrogando
1723 4087 1907 4147 mouendo
1982 4087 2030 4147 et
2064 4087 2132 4147 pro
2173 4087 2254 4147 ipis

805 4144 998 4204 orando.
1045 4143 1186 4203 pserti
1212 4147 1265 4207 cum
1293 4147 1352 4207 ipi
1372 4143 1606 4203 morientis
1633 4147 1807 4207 nondum
1867 4147 1981 4207 mori
2041 4147 2188 4207 velint
2221 4147 2261 4207 et

806 4207 942 4267 anime
976 4207 1229 4267 moriencium
1249 4207 1345 4267 sepe
1379 4207 1692 4267 miserabiliter
1719 4207 1992 4267 piclitantûr.

855 4279 981 4339 Folio.
1038 4282 1136 4342 Ja-fl
1172 4283 1193 4343 i
1221 4283 1256 4343 Ig
1291 4283 1313 4343 h
1355 4283 1503 4343 k-m').
1566 4283 1608 4343 24
1644 4283 1792 4343 leaves,
1820 4283 2003 4343 arranged
2052 4283 2087 4343 in
2137 4283 2257 4343 single

808 4331 929 4391 sheets
962 4331 1007 4391 of
1029 4329 1101 4389 two
1134 4331 1262 4391 leaves
1295 4331 1411 4391 each,
1439 4331 1583 4391 printed
1621 4331 1705 4391 with
1743 4331 1866 4391 brown
1899 4331 1959 4391 ink
1998 4331 2037 4391 on
2076 4331 2142 4391 one
2175 4331 2253 4391 side

802 4379 910 4439 only,
938 4379 976 4439 on
1013 4379 1074 4439 the
1111 4379 1215 4439 verso
1252 4378 1323 4438 and
1361 4379 1459 4439 recto
1497 4379 1741 4439 alternately,
1768 4379 1801 4439 so
1839 4379 1926 4439 that
1953 4379 2012 4439 the
2051 4379 2132 4439 first
2165 4383 2256 4443 page

802 4430 835 4490 is
862 4427 998 4487 blank,
1025 4427 1095 4487 and
1134 4427 1340 4487 thereafter
1372 4427 1476 4487 every
1519 4431 1584 4491 two
1622 4427 1741 4487 pages
1774 4429 1812 4489 of
1839 4427 1986 4487 printed
2024 4428 2165 4488 matter
2192 4429 2257 4489 are

809 4475 977 4535 followed
1017 4475 1058 4535 by
1092 4475 1162 4535 two
1203 4479 1306 4539 blank
1348 4479 1486 4539 pages,
1509 4479 1573 4539 till
1596 4479 1660 4539 the
1694 4479 1811 4539 single
1851 4475 1956 4535 blank
1996 4479 2089 4539 page
2124 4479 2164 4539 at
2193 4477 2256 4537 the

803 4527 898 4587 end.
946 4520 1011 4580 1°:
1041 4527 1083 4587 31
1106 4527 1231 4587 lines;
1255 4527 1392 4587 frame,
1409 4527 1504 4587 220X
1534 4527 1594 4587 158
1623 4527 1885 4587 mm.;—142:
1909 4527 1950 4587 36
1980 4527 2104 4587 lines;
2129 4527 2265 4587 frame,

809 4575 907 4635 226X
943 4575 998 4635 162
1028 4576 1126 4636 mm.

858 4643 934 4703 The
959 4644 1041 4704 first
1067 4647 1149 4707 pair
1168 4647 1205 4707 of
1231 4647 1370 4707 printed
1401 4647 1521 4707 pages
1553 4647 1578 4707 is
1604 4647 1781 4707 occupied
1812 4647 1894 4707 with
1926 4647 1983 4707 the
2014 4647 2185 4707 preface,
2204 4650 2260 4710 the

802 4695 930 4755 eleven
969 4695 1175 4755 remaining
1208 4695 1308 4755 pairs
1336 4695 1426 4755 each
1459 4695 1609 4755 consist
1625 4695 1665 4755 of
1692 4698 1703 4758 a
1743 4695 1882 4755 picture
1909 4695 2015 4755 faced
2048 4699 2088 4759 by
2115 4699 2132 4759 a
2171 4697 2260 4757 page

808 4747 852 4807 of
874 4747 968 4807 text,
990 4747 1140 4807 treating
1180 4746 1424 4806 successively
1451 4747 1507 4807 the
1546 4747 1707 4807 diabolic
1734 4747 1979 4807 temptations
2012 4747 2079 4807 and
2117 4747 2262 4807 angelic

2284 546 2372 606 good
2409 544 2651 604 inspirations
2674 543 2894 603 concerning
2923 539 3048 599 Faith,
3070 539 3247 599 Despair,
3262 539 3519 599 Impatience,
3533 535 3762 595 Vainglory,

2294 595 2361 655 and
2388 595 2565 655 Avarice,
2585 594 2654 654 and
2681 591 2782 651 lastly
2809 591 2871 651 the
2905 591 2992 651 final
3013 587 3162 647 agony.
3210 587 3285 647 The
3319 587 3461 647 picture
3488 587 3522 647 on
3556 583 3618 643 13°
3645 582 3753 642 illus¬

2292 641 2422 701 trating
2459 643 2520 703 the
2552 643 2657 703 Bona
2687 639 2891 699 inspiracio
2922 639 3058 699 angeli
3077 639 3120 699 de
3151 635 3343 695 paciencia
3373 635 3399 695 is
3429 635 3559 695 signed
3590 634 3671 694 with
3701 635 3744 695 an

2291 693 2317 753 i,
2336 691 2501 751 showing
2527 691 2612 751 that
2632 691 2658 751 it
2677 691 2750 751 was
2776 687 2966 747 originally
2992 687 3170 747 intended
3202 686 3236 746 to
3268 683 3406 743 occupy
3432 683 3491 743 the
3517 683 3622 743 ninth
3656 679 3761 739 leat;

2290 739 2359 799 and
2397 739 2479 799 that
2510 739 2573 799 the
2605 739 2693 799 four
2725 739 2851 799 leaves
2882 735 3040 795 devoted
3084 735 3115 795 to
3154 735 3317 795 Despair
3349 731 3425 791 and
3462 731 3506 791 its
3544 731 3746 791 correction

2291 787 2417 847 should
2455 791 2544 851 have
2569 787 2656 847 been
2695 787 2821 847 placed
2852 787 2960 847 later.
3010 783 3086 843 The
3111 783 3256 843 printed
3293 783 3432 843 portion
3464 779 3502 839 of
3527 779 3608 839 each
3641 779 3761 839 page,

2299 838 2463 898 whether
2481 839 2620 899 picture
2639 835 2677 895 or
2702 835 2797 895 text,
2816 835 2878 895 has
2897 835 2935 895 an
2960 835 3068 895 outer
3086 831 3200 891 frame
3225 831 3332 891 made
3357 831 3395 891 by
3414 827 3515 887 triple
3540 827 3754 887 rectangles

2300 887 2410 947 joined
2445 887 2480 947 at
2508 887 2570 947 the
2597 887 2770 947 corners,
2785 883 2854 943 and
2888 883 2971 943 with
3006 883 3068 943 the
3095 879 3206 939 space
3241 879 3407 939 between
3435 879 3497 939 the
3525 879 3594 939 two
3629 875 3753 935 inner-

2293 935 2396 995 most
2421 935 2563 995 shaded
2608 935 2646 995 on
2685 935 2756 995 two
2788 931 2975 991 adjacent
3000 931 3123 991 sides.
3181 927 3258 987 The
3297 927 3419 987 cutter
3451 927 3490 987 of
3522 927 3580 987 the
3612 925 3689 985 text
3721 923 3761 983 of

2293 983 2415 1043 leaves
2447 987 2512 1047 14,
2537 983 2601 1043 16,
2627 987 2691 1047 18,
2711 983 2782 1043 and
2814 986 2878 1046 24,
2904 979 3033 1039 mostly
3065 979 3194 1039 marks
3232 979 3290 1039 the
3323 976 3432 1036 letter
3464 975 3477 1035 i
3502 975 3586 1035 with
3625 975 3637 1035 a
3677 972 3761 1032 dot,

2299 1031 2353 1091 the
2383 1031 2492 1091 letter
2516 1031 2534 1091 u
2570 1031 2655 1091 with
2692 1031 2704 1091 a
2740 1031 2855 1091 small
2880 1031 3012 1091 circle.
3061 1027 3097 1087 In
3133 1027 3194 1087 the
3224 1027 3334 1087 other
3364 1023 3491 1083 leaves
3521 1023 3557 1083 of
3581 1023 3660 1083 text
3690 1023 3751 1083 the

2290 1079 2302 1139 i
2319 1081 2347 1141 is
2370 1083 2495 1143 seldom
2541 1083 2695 1143 dotted,
2712 1080 2780 1140 and
2809 1079 2912 1139 there
2935 1079 2963 1139 is
2985 1079 3031 1139 no
3060 1076 3157 1136 mark
3191 1075 3277 1135 over
3299 1075 3357 1135 the
3385 1075 3419 1135 u.

2349 1151 2437 1211 This
2457 1151 2484 1211 is
2499 1151 2559 1211 the
2580 1151 2729 1211 earliest
2750 1151 2879 1211 extant
2892 1147 3028 1207 edition
3055 1147 3089 1207 of
3110 1147 3164 1207 the
3185 1147 3259 1207 Ars
3279 1147 3491 1207 Moriendi,
3504 1143 3565 1203 and
3592 1143 3748 1203 belongs

2291 1201 2323 1261 to
2349 1199 2409 1259 the
2435 1199 2546 1259 group
2579 1200 2750 1260 ascribed
2776 1199 2808 1259 to
2835 1199 2894 1259 the
2920 1199 3071 1259 district
3091 1195 3130 1255 of
3150 1195 3216 1255 the
3242 1195 3386 1255 Rhine.
3432 1192 3471 1252 It
3491 1191 3523 1251 is
3550 1191 3747 1251 attributed

2290 1247 2334 1307 by
2372 1248 2580 1308 Schreiber
2618 1251 2687 1311 (iv.
2719 1251 2813 1311 257)
2838 1247 2870 1307 to
2914 1247 3027 1307 1465,
3052 1245 3090 1305 or
3128 1243 3147 1303 a
3185 1243 3280 1303 little
3317 1243 3437 1303 after,
3468 1243 3487 1303 a
3526 1243 3607 1303 date
3652 1243 3752 1303 some

2291 1299 2409 1359 fifteen
2445 1295 2487 1355 or
2510 1296 2647 1356 twenty
2676 1295 2789 1355 years
2813 1295 2907 1355 later
2943 1295 3026 1355 than
3056 1295 3139 1355 that
3157 1291 3275 1351 which
3311 1291 3393 1351 used
3436 1291 3465 1351 to
3500 1291 3542 1351 be
3571 1291 3749 1351 assigned

2292 1347 2322 1407 to
2352 1347 2400 1407 it.
2442 1347 2527 1407 The
2551 1347 2703 1407 designs
2733 1347 2787 1407 for
2811 1347 2866 1407 the
2896 1343 3060 1403 pictures
3090 1343 3144 1403 are
3174 1343 3313 1403 closely
3338 1339 3477 1399 related
3513 1339 3543 1399 to
3579 1339 3682 1399 those
3719 1339 3755 1399 of

2290 1395 2351 1455 the
2376 1395 2493 1455 series
2518 1395 2556 1455 of
2580 1395 2722 1455 copper
2741 1391 2976 1451 engravings
2994 1393 3038 1453 on
3069 1391 3130 1451 the
3155 1391 3260 1451 same
3285 1391 3433 1451 subject
3452 1391 3495 1451 by
3526 1391 3582 1451 the
3612 1387 3754 1447 Master

2290 1447 2340 1507 E.
2359 1447 2416 1507 S.,
2435 1447 2504 1507 and
2536 1444 2681 1504 appear
2700 1443 2732 1503 to
2763 1443 2801 1503 be
2827 1443 2933 1503 freely
2965 1443 3097 1503 copied
3123 1443 3198 1503 from
3243 1439 3362 1499 them.

2357 1534 2428 1594 268
2457 1532 2471 1592 x
2508 1531 2586 1591 203
2615 1531 2730 1591 mm.
2787 1531 2880 1591 The
2909 1531 3017 1591 text
3038 1531 3074 1591 in
3103 1529 3246 1589 leaves
3268 1527 3376 1587 1-10
3404 1527 3433 1587 is
3455 1527 3741 1587 occasionally

2297 1594 2515 1654 corrected
2556 1595 2604 1655 by
2638 1595 2781 1655 hand,
2801 1593 2876 1653 and
2910 1591 2978 1651 the
3012 1591 3142 1651 letter
3163 1591 3183 1651 i
3203 1590 3381 1650 marked
3421 1587 3517 1647 with
3551 1587 3565 1647 a
3599 1587 3769 1647 stroke,

2292 1654 2368 1714 and
2426 1654 2458 1714 in
2510 1654 2631 1714 some
2676 1652 2773 1712 case
2811 1651 2888 1711 the
2933 1651 2952 1711 u
3003 1651 3099 1711 with
3151 1651 3177 1711 a
3222 1651 3420 1711 reversed
3478 1647 3760 1707 circumflex.

2301 1711 2412 1771 From
2460 1713 2532 1773 the
2564 1715 2747 1775 Weigel
2763 1713 3001 1773 collection
3042 1712 3153 1772 (No.
3176 1715 3296 1775 223).

3578 1795 3673 1855 IB.
3690 1797 3767 1857 18.

2360 1801 2546 1861 Bought
2570 1803 2601 1863 in
2640 1803 2779 1863 June,
2803 1801 2942 1861 1872.

2298 1927 2548 1987 Another
2581 1927 2806 1987 edition.

2589 2008 2838 2068 [District
2866 2007 2924 2067 of
2943 2007 3030 2067 the
3068 2011 3278 2071 Rhine,
3307 2011 3355 2071 c.
3384 2008 3766 2068 1465-1470?)

2355 2103 2420 2163 1°.
2445 2105 2536 2165 Ars
2560 2104 2790 2164 moriendi
2847 2103 3044 2163 QVauis
3078 2103 3267 2163 secundu
3300 2103 3562 2163 philosophû
3604 2099 3751 2159 Tercio

2301 2167 2675 2227 ethicorOmi
2703 2163 2915 2223 terribiliu
2957 2163 3077 2223 mors
3112 2163 3253 2223 corpis
3289 2163 3345 2223 sit
3380 2163 3649 2223 terribilissi¬

2297 2224 2437 2284 morti
2484 2227 2597 2287 tame
2658 2227 2804 2287 anime
2864 2223 3117 2283 nullatenus
3177 2223 3197 2283 e
3258 2223 3531 2283 coparanda.
3645 2219 3751 2279 teste

2292 2287 2527 2347 augustino
2571 2283 2659 2343 qui
2688 2283 2755 2343 ait
2791 2283 2938 2343 Maius
2976 2283 2990 2343 e
3034 2283 3232 2343 dampnû
3276 2283 3291 2343 i
3321 2283 3438 2343 amis
3475 2283 3600 2343 sione
3636 2283 3761 2343 vnius

2300 2347 2363 2407 aie
2399 2347 2441 2407 quam
2455 2347 2568 2407 mille
2603 2347 2786 2407 corpu.

2358 2431 2511 2491 Quarto.
2557 2431 2704 2491 Ja-m2.
2768 2431 2807 2491 24
2832 2431 2980 2491 leaves,
2993 2431 3134 2491 printed
3166 2427 3243 2487 with
3275 2427 3397 2487 brown
3429 2427 3487 2487 ink
3519 2427 3557 2487 on
3590 2427 3654 2487 one
3679 2427 3756 2487 side

2307 2480 2411 2540 only,
2430 2483 2467 2543 as
2498 2479 2529 2539 in
2566 2481 2634 2541 IB.
2652 2479 2714 2539 18.
2764 2479 2844 2539 The
2874 2479 3029 2539 designs
3060 2479 3103 2539 of
3128 2479 3184 2539 the
3221 2477 3436 2537 individual
3461 2476 3647 2536 pictures,
3671 2475 3745 2535 from

2301 2529 2398 2589 their
2425 2531 2658 2591 similarities
2691 2531 2762 2591 and
2799 2527 3049 2587 differences,
3076 2527 3216 2587 appear
3249 2527 3282 2587 to
3314 2523 3357 2583 be
3395 2527 3525 2587 copied
3569 2524 3634 2584 not
3666 2523 3742 2583 from

2304 2579 2404 2639 those
2440 2579 2481 2639 of
2511 2579 2594 2639 that
2623 2579 2789 2639 edition,
2819 2575 2889 2635 but
2913 2575 3073 2635 directly
3108 2575 3150 2635 or
3186 2575 3387 2635 indirectly
3422 2575 3499 2635 from
3552 2575 3617 2635 the
3659 2574 3759 2634 same

2306 2627 2499 2687 originals.
2549 2627 2623 2687 The
2652 2627 2811 2687 borders
2839 2627 2867 2687 to
2901 2627 2958 2687 the
2992 2624 3123 2684 blocks
3151 2623 3185 2683 in
3219 2623 3293 2683 this
3327 2623 3406 2683 case
3440 2623 3587 2683 consist
3616 2623 3695 2683 only
3735 2623 3768 2683 of

2304 2678 2315 2738 a
2350 2675 2472 2735 single
2506 2675 2600 2735 line.
2646 2675 2686 2735 1b
2709 2675 2721 2735 :
2756 2675 2796 2735 27
2831 2675 2930 2735 lines
2964 2675 3005 2735 of
3028 2675 3132 2735 print
3144 2672 3156 2732 ;
3185 2674 3422 2734 dimensions
3463 2671 3504 2731 of
3533 2671 3596 2731 the
3632 2671 3770 2731 frame,

2307 2724 2403 2784 137X
2433 2723 2487 2783 100
2512 2724 2784 2784 mm.;—142:
2808 2723 2850 2783 37
2874 2723 2965 2783 lines
2995 2725 3037 2785 of
3061 2723 3194 2783 print;
3218 2723 3454 2783 dimensions
3484 2723 3520 2783 of
3544 2723 3605 2783 the
3629 2723 3768 2783 frame,

2310 2775 2406 2835 136x
2440 2775 2597 2835 98mm.

2371 2862 2488 2922 206X
2525 2863 2598 2923 145
2642 2863 2759 2923 mm.
2825 2859 3096 2919 Imperfect,
3140 2859 3330 2919 wanting
3396 2859 3462 2919 the
3528 2859 3616 2919 last
3667 2859 3776 2919 leaf.

2312 2923 2528 2983 Probably
2576 2923 2610 2983 in
2659 2923 2729 2983 the
2784 2919 2881 2979 18th
2930 2920 3145 2980 century,
3173 2917 3221 2977 or
3271 2919 3382 2979 early
3437 2916 3479 2976 in
3527 2919 3604 2979 the
3652 2919 3777 2979 19th,

2304 2983 2375 3043 the
2428 2983 2631 3043 original
2671 2979 2965 3039 half-sheets,
2998 2979 3103 3039 each
3161 2979 3418 3039 containing
3470 2979 3555 3039 two
3608 2979 3771 3039 leaves,

2310 3039 2414 3099 were
2454 3043 2683 3103 separated
2729 3043 2815 3103 into
2860 3043 2998 3103 single
3031 3039 3201 3099 leaves,
3220 3039 3300 3099 and
3345 3039 3417 3099 the
3450 3039 3522 3099 3rd
3561 3039 3613 3099 of
3640 3039 3764 3099 these

2320 3103 2461 3163 pasted
2510 3103 2559 3163 on
2609 3102 2679 3162 the
2722 3100 2827 3160 back
2877 3099 2919 3159 of
2954 3099 3025 3159 the
3074 3099 3180 3159 and,
3208 3099 3279 3159 the
3328 3099 3392 3159 5th
3434 3099 3490 3159 on
3540 3099 3610 3159 the
3653 3099 3759 3159 back

2319 3159 2360 3219 of
2393 3163 2461 3223 the
2496 3163 2590 3223 4th,
2611 3161 2686 3221 and
2727 3159 2767 3219 so
2809 3161 2883 3221 on,
2903 3159 2944 3219 so
2985 3159 3087 3219 that
3114 3159 3182 3219 the
3223 3159 3339 3219 pairs
3372 3159 3420 3219 of
3440 3159 3569 3219 blank
3617 3159 3780 3219 pages,

2319 3222 2452 3282 which
2485 3223 2638 3283 should
2686 3219 2899 3279 alternate
2939 3219 3032 3279 with
3073 3219 3146 3279 the
3185 3219 3359 3279 printed
3399 3219 3526 3279 ones,
3552 3219 3626 3279 are
3666 3219 3766 3279 con-

2315 3283 2491 3343 cealed.
2550 3283 2608 3343 To
2648 3279 2772 3339 make
2806 3279 2838 3339 it
2864 3279 2910 3339 of
2936 3279 3106 3339 uniform
3165 3279 3394 3339 thickness
3433 3279 3525 3339 with
3564 3279 3637 3339 the
3682 3279 3774 3339 rest

2318 3341 2383 3401 the
2423 3339 2514 3399 first
2554 3339 2639 3399 leaf
2672 3339 2751 3399 was
2783 3339 2901 3399 faced
2948 3339 3039 3399 with
3085 3339 3203 3399 more
3236 3339 3413 3399 modern
3459 3339 3616 3399 paper.
3676 3339 3767 3399 The

2314 3399 2481 3459 double
2520 3399 2661 3459 leaves
2694 3399 2797 3459 thus
2829 3399 2989 3459 formed
3034 3400 3105 3460 are
3137 3399 3350 3459 mounted
3394 3403 3440 3463 on
3485 3403 3652 3463 guards
3684 3403 3761 3463 and

2316 3463 2528 3523 arranged
2565 3463 2602 3523 in
2632 3463 2646 3523 a
2682 3463 2822 3523 single
2851 3459 3109 3519 gathering.

2376 3555 2466 3615 No.
2488 3555 2563 3615 142
2593 3555 2623 3615 in
2660 3555 2727 3615 the
2765 3558 2922 3618 Bright
2944 3555 3057 3615 sale.
3117 3555 3229 3615 With
3266 3555 3424 3615 letters
3446 3555 3529 3615 and
3559 3555 3573 3615 a
3612 3555 3776 3615 receipt

2323 3615 2506 3675 inserted
2548 3615 2724 3675 relative
2766 3617 2801 3677 to
2843 3615 2900 3675 its
2935 3615 3019 3675 sale
3062 3615 3111 3675 by
3160 3615 3301 3675 Tullio
3343 3615 3554 3675 Monaldi
3582 3615 3618 3675 in
3660 3615 3766 3675 1823

2318 3675 2381 3735 for
2409 3675 2450 3735 20
2486 3675 2597 3735 louis
2626 3678 2737 3738 d'or,
2758 3675 2800 3735 or
2828 3675 2877 3735 88
2912 3675 3045 3735 scudi
3059 3675 3261 3735 romani.

2388 3763 2569 3823 Bought
2595 3765 2620 3825 in
2663 3766 2793 3826 June,
2818 3768 2947 3828 1845.

3587 3763 3679 3823 IA.
3709 3767 3792 3827 19.

2317 3891 2577 3951 Another
2604 3895 2835 3955 edition.

3137 3891 3465 3951 [Germany,
3494 3895 3542 3955 c.
3572 3891 3783 3951 1470?)

2385 3983 2449 4043 1b.
2478 3987 2564 4047 Ars
2615 3987 2867 4047 moriendi.
2967 3987 3197 4047 Quamuis
3248 3986 3441 4046 secundu

3495 3987 3783 4047 philosophum

2326 4043 2472 4103 Tercio
2520 4047 2748 4107 ethicorum
2852 4047 3012 4107 ominu
3060 4043 3281 4103 terribilium
3316 4047 3440 4107 mors
3483 4043 3676 4103 corporis
3718 4043 3773 4103 sit

2327 4107 2592 4167 terribilissia
2656 4107 2799 4167 morti
2828 4107 2950 4167 tame
2986 4107 3050 4167 aie
3085 4107 3343 4167 nullatenus
3372 4107 3436 4167 est
3472 4107 3723 4167 coparanda

2326 4167 2451 4227 Teste
2485 4167 2736 4227 Augustino
2770 4167 2847 4227 qui
2868 4167 2930 4227 ait
2965 4167 3110 4227 Maius
3145 4167 3208 4227 est
3235 4167 3382 4227 dapnu
3416 4167 3451 4227 in
3534 4167 3777 4227 amissione

2319 4226 2444 4286 vnius
2485 4227 2547 4287 aie
2583 4227 2672 4287 quâ
2714 4227 2831 4287 mille
2867 4227 3047 4287 corporü
3081 4229 3165 4289 ...
3227 4223 3324 4283 132.
3344 4227 3379 4287 l.
3407 4227 3476 4287 28,
3517 4224 3622 4284 END
3656 4227 3671 4287 :
3698 4227 3781 4287 ...

2327 4287 2404 4347 Sed
2439 4287 2517 4347 heu
2566 4290 2700 4350 pauci
2728 4287 2798 4347 sût
2826 4287 2840 4347 q
2876 4287 2890 4347 i
2911 4287 3052 4347 morte
3094 4287 3199 4347 pxis
3270 4284 3361 4344 suis
3389 4287 3579 4347 fideliter
3615 4283 3777 4343 asistût

2324 4347 2601 4407 interrogando
2649 4347 2836 4407 monendo
2892 4347 2940 4407 et
2974 4347 2995 4407 p
3051 4347 3134 4407 ipis
3175 4347 3300 4407 oran¬
3334 4344 3383 4404 do
3438 4347 3583 4407 prserti
3618 4347 3674 4407 cum
3715 4344 3784 4404 ipi

2324 4407 2530 4467 morientes
2570 4407 2623 4467 no
2670 4407 2724 4467 du
2777 4407 2897 4467 mori
2931 4407 3078 4467 velint
3117 4404 3164 4464 et
3210 4407 3271 4467 aîe
3357 4407 3611 4467 morienciû
3671 4406 3771 4466 sepe

2324 4467 2641 4527 miserabiliter
2669 4467 2972 4527 periclitantur.

2373 4552 2500 4612 Folio.
2547 4555 2586 4615 13
2613 4555 2753 4615 printed
2780 4552 2934 4612 leaves,
2954 4551 3187 4611 presumably
3221 4551 3294 4611 with
3327 4552 3341 4612 a
3368 4551 3474 4611 blank
3501 4553 3542 4613 at
3561 4555 3621 4615 the
3648 4552 3781 4612 begin¬

2322 4600 2405 4660 ning
2440 4603 2476 4663 to
2512 4603 2695 4663 complete
2725 4603 2784 4663 the
2820 4603 2944 4663 quire.
2991 4599 3139 4659 Printed
3175 4599 3252 4659 with
3282 4603 3383 4663 black
3412 4603 3471 4663 ink
3501 4603 3537 4663 on
3566 4603 3649 4663 both
3679 4598 3779 4658 sides

2322 4651 2361 4711 of
2383 4651 2444 4711 the
2472 4651 2605 4711 paper,
2622 4651 2755 4711 except
2784 4651 2906 4711 leaves
2939 4651 2956 4711 I
2983 4650 3056 4710 and
3094 4650 3156 4710 13,
3178 4651 3289 4711 which
3322 4650 3568 4710 respectively
3601 4648 3690 4708 have
3723 4647 3778 4707 the

2322 4699 2419 4759 recto
2452 4699 2523 4759 and
2560 4699 2663 4759 verso
2696 4699 2767 4759 left
2788 4699 2924 4759 blank.
2973 4699 3049 4759 The
3076 4699 3239 4759 pictures
3261 4698 3315 4758 are
3342 4699 3472 4759 copied
3499 4699 3570 4759 from
3614 4698 3722 4758 those
3749 4695 3781 4755 of

2329 4747 2384 4807 the
2421 4749 2502 4809 first
2526 4751 2668 4811 edition
2706 4751 2792 4811 (IB.
2822 4749 2903 4809 18),
2921 4747 2983 4807 the
3014 4747 3156 4807 frames
3187 4747 3224 4807 of
3249 4747 3366 4807 which
3403 4747 3459 4807 are
3496 4747 3569 4807 also
3606 4747 3773 4807 imitated
