4092 5721
311 1292 944 1352 ANTICHRISTUS.
974 1294 1281 1354 Antichrist
1310 1296 1399 1356 and
1438 1296 1518 1356 the
1558 1296 1745 1356 Fifteen
1835 1296 1865 1356 A
1924 1296 2191 1356 fragment
2221 1298 2280 1358 of
2300 1296 2527 1356 another
2567 1300 2725 1360 copy.

376 1376 597 1436 Tokens
635 1376 690 1436 of
718 1374 1079 1434 Judgement.
1153 1376 1393 1436 German
1430 1376 1570 1436 text.

1154 1456 1487 1516 [Germany,
1507 1460 1557 1520 c.
1587 1460 1748 1520 1470.

368 1537 391 1597 A
438 1536 665 1596 fragment
681 1536 696 1596 :
727 1536 821 1596 leaf
845 1536 861 1596 6
892 1536 970 1596 and
1009 1536 1080 1596 the
1111 1536 1252 1596 upper
1283 1536 1370 1596 half
1401 1536 1440 1596 of
1464 1536 1550 1596 leaf
1573 1533 1621 1593 7.

352 1608 476 1668 Folio.
526 1604 618 1664 Part
643 1604 686 1664 of
705 1604 724 1664 a
755 1604 847 1664 copy
885 1604 928 1664 of
946 1604 990 1664 an
1020 1605 1163 1665 edition
1194 1605 1232 1665 on
1269 1608 1306 1668 38
1343 1608 1491 1668 leaves,
1510 1608 1646 1668 printed
1677 1608 1757 1668 with

302 1656 419 1716 brown
453 1656 512 1716 ink
547 1655 587 1715 on
623 1652 687 1712 one
722 1653 798 1713 side
833 1653 944 1713 only,
967 1656 1148 1716 intended
1183 1656 1212 1716 to
1248 1656 1288 1716 be
1323 1656 1504 1716 arranged
1539 1656 1569 1716 in
1604 1656 1615 1716 a
1650 1656 1768 1716 single

303 1708 424 1768 quire,
442 1704 479 1764 so
510 1704 588 1764 that
613 1704 741 1764 blocks
771 1704 789 1764 1
820 1704 893 1764 and
930 1704 990 1764 38,
1009 1704 1021 1764 2
1058 1704 1124 1764 and
1161 1708 1228 1768 37,
1253 1705 1331 1765 &c.,
1356 1708 1417 1768 are
1447 1704 1594 1764 printed
1630 1705 1673 1765 on
1709 1705 1764 1765 the

311 1756 409 1816 same
442 1752 566 1812 sheet.
615 1752 734 1812 There
772 1752 837 1812 are
875 1752 946 1812 two
978 1752 1146 1812 pictures
1184 1755 1211 1815 in
1249 1753 1336 1813 each
1385 1755 1515 1815 block,
1547 1756 1758 1816 measuring

311 1800 481 1860 together
515 1800 634 1860 about
674 1800 736 1860 262
759 1800 770 1860 x
798 1800 861 1860 158
900 1801 997 1861 mm.
1059 1800 1139 1860 The
1178 1803 1263 1863 first
1297 1804 1433 1864 edition
1478 1804 1682 1864 according
1727 1804 1761 1864 to

307 1847 373 1907 W.
397 1852 446 1912 L.
470 1848 677 1908 Schreiber
707 1848 889 1908 (Manuel
920 1850 962 1910 de
993 1852 1211 1912 l'Amateur
1242 1852 1285 1912 de
1321 1852 1351 1912 la
1387 1852 1558 1912 Gravure
1594 1852 1655 1912 sur
1685 1852 1764 1912 bois

311 1896 347 1956 et
371 1898 431 1958 sur
449 1900 569 1960 métal
587 1900 628 1960 au
653 1894 719 1954 xve
742 1897 893 1957 siècle).

371 1968 481 2028 Leaf
504 1968 527 2028 6
556 1970 630 2030 has
660 1972 727 2032 the
756 1972 950 2032 pictures
980 1972 1210 2032 coloured,
1233 1972 1306 2032 and
1336 1972 1366 2032 is
1396 1972 1462 2032 cut
1492 1972 1611 2032 down
1649 1972 1759 2032 close

312 2032 353 2092 to
381 2032 443 2092 the
471 2032 630 2092 border
651 2028 692 2088 of
713 2029 783 2089 the
810 2032 963 2092 block.
1025 2032 1115 2092 The
1149 2032 1357 2092 half-leaf
1378 2035 1391 2095 7
1426 2032 1454 2092 is
1475 2032 1772 2092 uncoloured,

309 2090 385 2150 and
426 2088 510 2148 has
545 2091 565 2151 a
607 2088 795 2148 breadth
843 2088 891 2148 of
926 2088 1002 2148 183
1051 2092 1169 2152 mm.
1224 2092 1322 2152 The
1363 2092 1557 2152 subjects
1605 2092 1654 2152 of
1689 2092 1758 2152 the

315 2152 502 2212 pictures
537 2152 572 2212 in
599 2150 718 2210 these
752 2152 1002 2212 fragments
1030 2152 1099 2212 are
1134 2152 1204 2212 the
1231 2152 1426 2212 meeting
1461 2152 1509 2212 of
1530 2152 1655 2212 Elias
1683 2152 1759 2212 and

309 2212 458 2272 Enoch
506 2212 587 2272 and
635 2212 751 2272 their
792 2212 975 2272 several
1009 2212 1214 2272 sermons
1262 2212 1446 2272 against
1493 2212 1772 2272 Antichrist.

317 2268 424 2328 From
473 2271 538 2331 the
580 2268 752 2328 Weigel
777 2272 998 2332 collection
1040 2272 1154 2332 (No.
1179 2273 1301 2333 264).

373 2340 560 2400 Bought
587 2344 612 2404 in
655 2343 782 2403 July,
799 2340 935 2400 1872.

1593 2346 1676 2406 IB.
1698 2347 1771 2407 13.

309 2464 560 2524 Another
587 2460 867 2520 fragment
894 2464 950 2524 of
977 2464 1062 2524 the
1098 2464 1238 2524 same
1275 2464 1507 2524 edition.

368 2542 390 2602 A
442 2540 575 2600 single
606 2540 791 2600 picture,
814 2544 881 2604 the
910 2541 1044 2601 lower
1074 2542 1118 2602 of
1141 2544 1208 2604 the
1237 2540 1319 2600 two
1342 2544 1394 2604 on
1424 2540 1512 2600 leaf
1543 2543 1617 2603 28,
1624 2540 1765 2600 show¬

310 2598 373 2658 ing
408 2600 479 2660 the
514 2600 754 2660 ocean-bed
789 2600 902 2660 after
930 2600 1000 2660 the
1029 2604 1381 2664 disappearance
1416 2600 1458 2660 of
1480 2600 1550 2660 the
1585 2603 1677 2663 sea,
1691 2600 1755 2660 the

310 2660 464 2720 second
515 2660 566 2720 of
602 2660 676 2720 the
728 2661 903 2721 Fifteen
955 2664 1138 2724 Tokens
1196 2664 1248 2724 of
1298 2660 1606 2720 Judgement.
1665 2662 1759 2722 (See

317 2720 554 2780 Dodgson,
597 2720 849 2780 Catalogue
892 2720 943 2780 of
979 2720 1115 2780 Early
1173 2723 1367 2783 German
1425 2724 1504 2784 and
1562 2720 1755 2780 Flemish

317 2779 554 2839 Woodcuts
589 2780 626 2840 in
669 2780 740 2840 the
791 2784 1099 2844 Department
1136 2784 1178 2844 of
1214 2780 1358 2840 Prints
1401 2780 1480 2840 and
1523 2780 1759 2840 Drawings

312 2840 349 2900 in
380 2840 449 2900 the
486 2844 638 2904 British
676 2844 911 2904 Museum,
934 2844 965 2904 i.
980 2843 1101 2903 212.)

1432 2840 1561 2900 Print
1591 2844 1767 2904 Room.

316 2958 841 3018 APOCALYPSIS
940 2956 1247 3016 SANCTI
1312 2956 1774 3016 JOHANNIS.

386 3040 742 3100 Illustrations
788 3040 852 3100 of
888 3040 971 3100 the
1026 3040 1374 3100 Apocalypse
1420 3040 1520 3100 and
1575 3040 1630 3100 of
1666 3040 1748 3100 the

392 3116 504 3176 Life
549 3120 605 3180 of
638 3120 705 3180 S.
739 3120 918 3180 John.

905 3203 1022 3263 The
1062 3204 1465 3264 Netherlands,
1485 3204 1544 3264 c.
1563 3204 1740 3264 1470?

379 3268 439 3328 1°.
464 3276 652 3336 Couersi
686 3280 738 3340 ab
780 3280 909 3340 idolis
951 3280 1027 3340 per
1079 3280 1386 3340 predicacione
1429 3281 1506 3341 bti
1548 3280 1761 3340 Iohannis

310 3334 514 3394 drusiana
552 3336 566 3396 i
588 3337 698 3397 ceti.
756 3336 851 3396 50°.
880 3340 939 3400 Cu
975 3340 1019 3400 ât
1049 3340 1180 3400 orone
1210 3338 1393 3398 fecisset
1415 3336 1465 3396 bs
1494 3338 1721 3398 Iohannes

312 3391 394 3451 tâta
424 3394 493 3454 lux
531 3396 568 3456 sr
599 3396 637 3456 eu
674 3398 856 3458 emicuit
887 3400 962 3460 qd'
977 3400 1121 3460 nullus
1227 3400 1280 3460 eu
1317 3400 1484 3460 respiée
1522 3398 1673 3458 potuit
1733 3392 1756 3452 h

306 3448 328 3508 e
357 3452 401 3512 bs
430 3455 525 3515 johs
555 3453 606 3513 de
636 3456 716 3516 quo
753 3456 840 3516 dnis
862 3460 994 3520 dixât
1023 3460 1068 3520 ad
1104 3460 1221 3520 petru
1258 3460 1316 3520 sic
1346 3460 1389 3520 eu
1419 3460 1514 3520 volo
1587 3457 1755 3517 manere

312 3512 451 3572 donec
482 3514 599 3574 venia
669 3516 708 3576 in
740 3516 934 3576 sepulcro
1012 3516 1081 3576 ei?
1112 3520 1253 3580 nichil
1276 3520 1370 3580 nisi
1386 3520 1509 3580 mana
1548 3518 1658 3578 luêtu
1696 3516 1758 3576 est

347 3576 376 3636 q
413 3574 545 3634 d'usqe
566 3576 691 3636 hodie
720 3576 903 3636 saturire
940 3580 1152 3640 cernitur.

355 3640 484 3700 Folio.
532 3640 593 3700 a-z
627 3642 641 3702 7
668 3644 729 3704 92.
777 3644 811 3704 50
845 3648 995 3708 leaves,
1015 3648 1200 3708 arranged
1241 3648 1275 3708 in
1308 3651 1425 3711 single
1458 3648 1588 3708 sheets
1622 3646 1663 3706 of
1691 3644 1758 3704 two

313 3688 439 3748 leaves
464 3690 577 3750 each,
596 3692 735 3752 printed
773 3696 848 3756 with
887 3696 1007 3756 brown
1038 3696 1101 3756 ink
1133 3696 1176 3756 on
1209 3696 1277 3756 one
1303 3696 1385 3756 side
1416 3697 1523 3757 only.
1574 3696 1669 3756 With
1707 3696 1763 3756 the

306 3736 488 3796 exception
525 3740 568 3800 of
592 3743 714 3803 leaves
751 3744 788 3804 24
824 3744 891 3804 and
928 3744 971 3804 25
1007 3744 1160 3804 (second
1197 3744 1215 3804 m
1263 3744 1337 3804 and
1373 3748 1459 3808 first
1483 3748 1526 3808 n)
1557 3744 1617 3804 the
1655 3744 1758 3804 verso

315 3781 354 3841 of
381 3784 441 3844 the
468 3788 554 3848 first
574 3791 641 3851 and
675 3792 774 3852 recto
807 3792 848 3852 of
874 3792 934 3852 the
961 3792 1101 3852 second
1134 3792 1214 3852 leaf
1241 3792 1267 3852 in
1301 3794 1387 3854 each
1421 3793 1527 3853 sheet
1554 3792 1588 3852 is
1614 3792 1768 3852 signed.

321 3828 394 3888 The
428 3836 615 3896 woodcuts
656 3840 829 3900 measure
862 3840 983 3900 about
1023 3840 1083 3900 265
1104 3840 1124 3900 X
1150 3840 1211 3900 195
1251 3841 1351 3901 mm.
1398 3844 1431 3904 In
1478 3844 1605 3904 nearly
1645 3840 1699 3900 all
1726 3840 1765 3900 of

313 3880 399 3940 them
443 3880 510 3940 two
542 3887 672 3947 scenes
696 3888 752 3948 are
783 3888 1049 3948 represented.
1105 3888 1179 3948 The
1210 3892 1401 3952 woodcuts
1427 3892 1464 3952 on
1500 3892 1624 3952 sheets
1649 3892 1662 3952 a
1693 3892 1760 3952 and

314 3928 333 3988 b
365 3932 558 3992 represent
577 3936 622 3996 S.
647 3936 731 3996 John
770 3940 995 4000 preaching,
1014 3940 1066 4000 the
1098 3937 1271 3997 idolaters
1298 3937 1426 3997 spying
1458 3940 1496 4000 at
1516 3940 1574 4000 the
1599 3940 1747 4000 baptism

314 3977 353 4037 of
386 3980 596 4040 Drusiana,
629 3986 675 4046 S.
701 3988 799 4048 John
838 3988 963 4048 before
996 3988 1055 4048 the
1095 3985 1258 4045 prefect,
1284 3988 1507 4048 embarking
1547 3988 1606 4048 for
1632 3988 1777 4048 Rome,

314 4024 401 4084 tried
447 4028 488 4088 by
528 4033 747 4093 Domitian,
774 4036 955 4096 standing
988 4036 1021 4096 in
1061 4036 1201 4096 boiling
1241 4036 1308 4096 oil,
1341 4036 1548 4096 sentenced
1587 4036 1621 4096 to
1661 4036 1747 4096 exile

315 4078 533 4138 embarking
573 4080 628 4140 for
662 4080 811 4140 Patmos
833 4082 846 4142 ;
880 4084 1002 4144 sheets
1037 4084 1105 4144 c-z
1138 4086 1214 4146 (3rd
1255 4084 1336 4144 cut)
1364 4084 1425 4144 are
1466 4084 1582 4144 based
1616 4084 1663 4144 on
1704 4084 1765 4144 the

313 4124 572 4184 Apocalypse,
596 4128 656 4188 the
704 4132 825 4192 fourth
873 4131 940 4191 cut
970 4132 1007 4192 on
1055 4132 1164 4192 sheet
1194 4132 1212 4192 z
1248 4132 1320 4192 and
1363 4132 1465 4192 those
1507 4132 1549 4192 on
1598 4132 1707 4192 sheet

314 4172 374 4232 are
408 4176 608 4236 concerned
642 4180 723 4240 with
749 4180 896 4240 further
923 4184 1117 4244 incidents
1144 4180 1171 4240 in
1204 4184 1244 4244 S.
1265 4180 1398 4240 John's
1425 4180 1512 4240 life.
1559 4181 1639 4241 The
1666 4184 1766 4244 third

316 4220 453 4280 edition
484 4225 677 4285 according
709 4228 741 4288 to
774 4230 991 4290 Schreiber.

378 4292 558 4352 Except
591 4296 632 4356 in
672 4300 746 4360 the
779 4300 877 4360 case
919 4300 968 4360 of
1000 4304 1148 4364 leaves
1181 4300 1230 4360 36
1263 4302 1345 4362 and
1386 4304 1434 4364 38
1468 4304 1541 4364 the
1574 4304 1770 4364 margins

310 4351 424 4411 have
453 4356 553 4416 been
589 4357 661 4417 cut
683 4360 797 4420 away
833 4360 862 4420 in
897 4360 984 4420 this
1005 4363 1141 4423 copy,
1163 4361 1198 4421 so
1227 4363 1328 4423 that
1342 4360 1406 4420 the
1435 4360 1764 4420 measurement

317 4408 361 4468 of
376 4413 473 4473 each
503 4419 593 4479 leaf
615 4420 644 4480 is
668 4420 734 4480 the
764 4420 883 4480 same
914 4420 958 4480 as
988 4423 1085 4483 that
1107 4424 1152 4484 of
1175 4424 1242 4484 the
1279 4421 1368 4481 cut.
1414 4420 1585 4480 Leaves
1607 4420 1652 4480 36
1682 4420 1756 4480 and

318 4462 364 4522 38
403 4472 505 4532 have
536 4476 645 4536 been
684 4480 879 4540 supplied
926 4480 1020 4540 from
1074 4484 1262 4544 another
1293 4482 1433 4542 copy,
1449 4480 1527 4540 and
1566 4480 1762 4540 measure

317 4528 392 4588 287
430 4532 552 4592 (290)
567 4536 582 4596 x
612 4536 688 4596 208
718 4538 840 4598 mm.
900 4540 976 4600 All
999 4543 1067 4603 the
1104 4541 1248 4601 leaves
1271 4541 1377 4601 have
1408 4540 1506 4600 been
1544 4540 1756 4600 mounted

313 4585 362 4645 on
402 4591 468 4651 the
501 4593 648 4653 rectos
681 4597 730 4657 of
755 4597 803 4657 50
845 4600 992 4660 leaves
1025 4600 1066 4660 of
1099 4604 1229 4664 blank
1271 4604 1426 4664 paper,
1442 4603 1483 4663 so
1517 4600 1622 4660 that
1656 4600 1753 4660 they

316 4648 362 4708 no
394 4652 550 4712 longer
573 4656 660 4716 face
692 4660 793 4720 each
824 4660 957 4720 other
980 4660 1012 4720 in
1051 4662 1192 4722 pairs.

373 4720 495 4780 King
528 4724 708 4784 George
730 4728 842 4788 III's
864 4732 975 4792 copy
1008 4736 1087 4796 (C.
1098 4736 1142 4796 9.
1153 4736 1199 4796 d.
1221 4739 1289 4799 1).

1579 4732 1677 4792 IC.
1697 4732 1775 4792 40.

1283 1008 2301 1068 BLOCKBOOKS

1393 1156 1696 1216 (Arranged
1747 1159 2222 1219 alphabetically.)

1897 1406 2009 1466 Leaf
2033 1408 2082 1468 21
2114 1408 2243 1468 only.
2299 1408 2379 1468 See
2420 1408 2661 1468 Dodgson,
2677 1408 2709 1468 i.
2725 1404 2838 1464 211.
2967 1404 3095 1464 Print
3120 1404 3297 1464 Room.

2688 1556 3014 1616 [Germany,
3044 1557 3094 1617 c.
3125 1557 3278 1617 1470.

1831 1559 2093 1619 Another
2123 1560 2345 1620 edition.

2342 1664 2491 1724 ydolis
2541 1669 2565 1729 p
2632 1664 2940 1724 predicacione
2989 1661 3065 1721 bti
3106 1660 3288 1720 johanis

1893 1664 1967 1724 1b.
2023 1664 2203 1724 Conûsi
2236 1664 2285 1724 ab

1830 1726 2039 1786 drusiana
2085 1724 2132 1784 et
2157 1724 2314 1784 ceteri.

2359 1722 2456 1782 482.
2477 1724 2581 1784 END
2616 1724 2630 1784 :
2657 1724 2747 1784 Cum
2803 1724 2900 1784 aute
2942 1720 3073 1780 orone
3108 1720 3288 1780 fecisset

1829 1781 1899 1841 bts
1941 1784 2040 1844 ioha
2082 1784 2160 1844 nes
2188 1784 2308 1844 tanta
2350 1784 2414 1844 lux
2463 1784 2534 1844 sup
2583 1784 2626 1844 eu
2668 1784 2858 1844 emicuit
2886 1783 2964 1843 qd'

1828 1844 2043 1904 respicere
2084 1844 2230 1904 potuit
2298 1840 2382 1900 Hic
2416 1841 2437 1901 e
2520 1844 2624 1904 btus
2652 1844 2776 1904 ioles
2811 1843 2859 1903 de
2893 1840 2977 1900 quo
3018 1840 3101 1900 dns
3136 1840 3288 1900 dixéat

1835 1904 1875 1964 ad
1909 1906 1984 1966 pel
1997 1904 2072 1964 trum
2093 1908 2140 1968 sic
2167 1908 2236 1968 eum
2283 1904 2378 1964 nolo
2412 1904 2575 1964 manere
2602 1904 2738 1964 donec
2766 1904 2833 1964 ve¬
2874 1901 2949 1961 niam
2983 1900 3024 1960 In
3057 1900 3281 1960 sepulchro

1830 1964 1925 2024 eius
1968 1964 2107 2024 nichil
2136 1964 2231 2024 nisi
2319 1968 2487 2028 manna
2531 1964 2713 2024 fuentum
2771 1960 2845 2020 est
2874 1960 2954 2020 qd'
2976 1963 3078 2023 usqe
3100 1963 3232 2023 hodie

1831 2028 2041 2088 scaturire
2077 2025 2294 2085 ternitur:

1876 2124 2013 2184 Folio.
2056 2124 2142 2184 a-z,
2172 2125 2229 2185 12.
2272 2127 2315 2187 48
2351 2124 2503 2184 leaves,
2531 2126 2712 2186 arranged
2754 2124 2791 2184 in
2834 2124 2956 2184 single
2993 2120 3115 2180 sheets
3151 2120 3186 2180 of
3223 2115 3287 2175 two

1830 2172 1957 2232 leaves
1987 2172 2096 2232 each,
2120 2173 2260 2233 printed
2296 2172 2375 2232 with
2411 2172 2532 2232 brown
2569 2172 2623 2232 ink
2659 2172 2702 2232 on
2738 2172 2806 2232 one
2842 2171 2914 2231 side
2945 2168 3054 2228 only.
3108 2168 3181 2228 The
3211 2167 3290 2227 cuts

1825 2221 1888 2281 are
1922 2224 2047 2284 copied
2081 2224 2160 2284 from
2206 2224 2268 2284 the
2303 2220 2404 2280 same
2433 2222 2614 2282 originals
2643 2220 2683 2280 as
2717 2220 2825 2280 those
2853 2220 2881 2280 in
2915 2217 2978 2277 the
3012 2216 3154 2276 50-leaf
3182 2216 3273 2276 copy

1823 2272 1889 2332 but
1906 2272 2014 2332 those
2038 2272 2079 2332 of
2097 2272 2139 2332 S.
2163 2272 2288 2332 John's
2312 2270 2401 2330 trial
2419 2270 2461 2330 by
2491 2272 2712 2332 Domitian,
2730 2268 2783 2328 his
2807 2268 3058 2328 punishment
3081 2264 3123 2324 by
3147 2264 3284 2324 boiling

1834 2320 1902 2380 oil,
1919 2320 1976 2380 his
1998 2320 2174 2380 sentence
2208 2319 2242 2379 to
2271 2318 2355 2378 exile
2384 2320 2452 2380 and
2480 2320 2741 2380 embarkation
2769 2316 2826 2376 for
2848 2316 3001 2376 Patmos
3030 2315 3087 2375 are
3115 2312 3297 2372 omitted.

1834 2368 1953 2428 Sheet
1970 2368 1987 2428 b
2016 2368 2055 2428 of
2078 2368 2146 2428 this
2168 2368 2310 2428 edition
2338 2368 2424 2428 thus
2452 2368 2616 2428 answers
2639 2368 2673 2428 to
2701 2368 2809 2428 sheet
2826 2364 2905 2424 c'of
2928 2364 2991 2424 the
3013 2364 3166 2424 former,
3183 2360 3291 2420 sheet

1833 2416 1845 2476 d
1881 2418 1911 2478 to
1935 2419 2044 2479 sheet
2062 2416 2098 2476 c,
2122 2416 2190 2476 &c.
2238 2420 2274 2480 In
2304 2416 2377 2476 this
2401 2416 2540 2476 edition
2571 2416 2655 2476 only
2679 2416 2746 2476 one
2770 2416 2848 2476 leaf
2873 2412 2897 2472 in
2928 2412 3018 2472 each
3048 2412 3157 2472 sheet
3181 2412 3284 2472 bears

1830 2467 1848 2527 a
1878 2467 2090 2527 signature.
2139 2468 2217 2528 The
2248 2464 2441 2524 woodcuts
2472 2464 2508 2524 on
2544 2464 2629 2524 each
2659 2464 2738 2524 leaf
2762 2464 2932 2524 measure
2962 2462 3078 2522 about
3102 2460 3199 2520 250X
3230 2460 3290 2520 190

1828 2514 1932 2574 mm.
1981 2515 2057 2575 The
2085 2516 2203 2576 fourth
2230 2516 2370 2576 edition
2398 2516 2599 2576 according
2627 2516 2654 2576 to
2689 2512 2911 2572 Schreiber.

3020 2610 3294 2670 Imperfect,

1897 2615 1969 2675 280
2001 2616 2018 2676 X
2049 2616 2122 2676 200
2203 2616 2316 2676 mm.

2393 2614 2491 2674 The

2567 2616 2661 2676 cuts
2728 2612 2964 2672 coloured.

1849 2676 2019 2736 vanting
2057 2677 2130 2737 the
2175 2676 2257 2736 last
2294 2676 2404 2736 leaf,
2419 2676 2619 2736 supplied
2665 2676 2702 2736 in
2746 2672 2983 2732 facsimile.
3042 2668 3220 2728 Leaves

1820 2736 1900 2796 and
1959 2740 2003 2800 4,
2040 2740 2083 2800 14
2134 2736 2215 2796 and
2266 2737 2310 2797 15
2353 2736 2464 2796 have
2507 2736 2610 2796 been
2654 2732 2947 2792 transposed.
3005 2732 3027 2792 A
3092 2729 3188 2789 leaf
3231 2728 3282 2788 of

1822 2795 2016 2855 German
2072 2794 2175 2854 text
2224 2796 2259 2856 in
2307 2796 2584 2856 manuscript
2626 2792 2660 2852 is
2709 2792 2897 2852 inserted
2952 2791 3069 2851 close
3132 2792 3201 2852 to,
3229 2788 3277 2848 or

1824 2856 2055 2916 between,
2076 2856 2170 2916 each
2221 2856 2315 2916 pair
2350 2856 2401 2916 of
2430 2856 2603 2916 printed
2647 2854 2812 2914 leaves.

3096 2955 3196 3015 IB.
3218 2959 3297 3019 41.

1889 2964 2007 3024 King
2043 2964 2216 3024 George
2253 2960 2361 3020 III's
2388 2964 2497 3024 copy
2534 2966 2606 3026 (C.
2625 2960 2670 3020 9.
2679 2962 2725 3022 c.
2743 2964 2805 3024 1).

2677 3109 3005 3169 [Germany,
3035 3109 3085 3169 c.
3115 3109 3273 3169 1470.

1829 3116 2086 3176 Another
2121 3116 2343 3176 edition.

1878 3218 1902 3278 A
1943 3216 2066 3276 single
2099 3216 2196 3276 leaf,
2214 3216 2368 3276 lettered
2410 3216 2475 3276 H,
2499 3212 2540 3272 of
2564 3212 2582 3272 a
2622 3212 2835 3272 blockbook
2876 3208 2908 3268 of
2942 3211 3007 3271 the
3039 3208 3284 3268 Apocalypse

1830 3267 2009 3327 arranged
2047 3265 2077 3325 in
2114 3264 2183 3324 like
2219 3264 2380 3324 manner
2405 3262 2442 3322 to
2473 3260 2535 3320 the
2566 3260 2789 3320 preceding.
2838 3260 3129 3320 Measurement
3160 3256 3197 3316 of
3228 3254 3283 3314 the

1834 3316 2034 3376 woodcut:
2061 3319 2127 3379 255
2147 3312 2160 3372 X
2187 3315 2254 3375 201
2267 3312 2367 3372 mm.
2413 3312 2494 3372 The
2520 3312 2587 3372 fifth
2620 3312 2753 3372 edition
2787 3308 2980 3368 according
3013 3308 3040 3368 to
3073 3307 3286 3367 Schreiber.

1893 3412 1976 3472 259
1996 3412 2014 3472 x
2051 3412 2126 3472 203
2163 3412 2275 3472 mm.
2321 3408 2433 3468 From
2479 3408 2554 3468 the
2591 3404 2768 3464 Weigel
2787 3404 3019 3464 collection
3048 3400 3159 3460 (No.
3169 3407 3291 3467 254).

3104 3494 3191 3554 IB.
3219 3494 3297 3554 16.

1897 3506 2079 3566 Bought
2104 3508 2137 3568 in
2178 3508 2311 3568 June,
2335 3501 2467 3561 1872.

2680 3652 3013 3712 [Germany,
3032 3648 3081 3708 c.
3111 3648 3267 3708 1470.

1831 3656 2083 3716 Another
2113 3656 2345 3716 edition.

1896 3749 1959 3809 1b.
1987 3752 2205 3812 Conuersi
2241 3752 2286 3812 ab
2332 3752 2477 3812 ydolis
2512 3752 2541 3812 p
2585 3748 2876 3808 pdicacionem
2939 3744 3066 3804 beati
3103 3740 3283 3800 lohânis

1829 3812 2039 3872 drusiana
2078 3812 2117 3872 et
2156 3812 2297 3872 ceteri
2312 3808 2484 3868 :—482.
2530 3811 2593 3871 Cu
2639 3808 2764 3868 autem
2826 3804 2959 3864 orône
2999 3800 3147 3860 fecissz
3178 3800 3279 3860 btûs

1825 3872 1959 3932 johes
2019 3872 2136 3932 tanta
2170 3872 2238 3932 lux
2271 3872 2338 3932 sup
2373 3868 2414 3928 eu
2448 3868 2625 3928 emicuit
2650 3868 2725 3928 qd'
2743 3864 2885 3924 nullus
2902 3860 2928 3920 i
2979 3860 3029 3920 eu
3054 3860 3273 3920 respicère

1837 3932 1985 3992 potuit
2044 3932 2110 3992 hic
2135 3932 2151 3992 e
2184 3932 2292 3992 btus
2317 3932 2433 3992 ioles
2466 3931 2516 3991 de
2583 3928 2665 3988 quo
2698 3928 2782 3988 dnis
2815 3924 2948 3984 dixat
2972 3924 3022 3984 ad
3055 3920 3171 3980 petrû
3212 3920 3270 3980 sic

1836 3992 1877 4052 eù
1910 3992 2002 4052 volo
2043 3992 2158 4052 mane
2193 3992 2333 4052 donec
2358 3988 2515 4048 venia.
2574 3985 2616 4045 In
2640 3984 2839 4044 sepulche
2872 3984 2964 4044 eius
3030 3980 3172 4040 nichil
3196 3980 3279 4040 nisi

1834 4052 1960 4112 mana
2002 4052 2188 4112 inuentu
2231 4052 2248 4112 e
2289 4052 2366 4112 qd'
2399 4049 2534 4109 vsque
2610 4048 2745 4108 hodie
2780 4044 2991 4104 scaturire
3033 4040 3244 4100 ternitur.

1843 4112 1986 4172 Finis.

1882 4199 2012 4259 Folio.
2055 4196 2204 4256 Ja-cls.J
2247 4206 2290 4266 48
2308 4196 2438 4256 leaves
2455 4196 2603 4256 lettered
2638 4192 2907 4252 consecutively
2933 4188 3038 4248 A-Z,
3055 4188 3221 4248 AA-ZZ,
3238 4190 3291 4250 vi,

1825 4248 1878 4308 ZZ
1908 4248 2137 4308 (repeated),
2159 4246 2220 4306 but
2243 4238 2296 4298 TT
2326 4246 2350 4306 is
2372 4245 2585 4305 misprinted
2615 4240 2669 4300 for
2684 4240 2706 4300 T
2736 4240 2805 4300 and
2835 4240 2874 4300 II
2889 4236 2949 4296 for
2964 4236 3048 4296 LL.
3078 4236 3223 4296 Printed
3253 4236 3276 4296 in

1832 4296 1961 4356 brown
1989 4299 2054 4359 ink
2090 4298 2133 4358 on
2176 4296 2241 4356 one
2276 4296 2356 4356 side
2391 4292 2499 4352 only,
2521 4292 2599 4352 leaf
2628 4290 2643 4350 A
2685 4288 2793 4348 being
2822 4285 2972 4345 printed
3008 4284 3094 4344 with
3123 4284 3202 4344 leaf
3231 4286 3252 4346 Q

1839 4344 1854 4404 B
1890 4348 1971 4408 with
2000 4348 2044 4408 P,
2066 4345 2081 4405 C
2117 4344 2190 4404 with
2227 4344 2278 4404 O,
2293 4344 2307 4404 D
2352 4344 2425 4404 with
2462 4340 2513 4400 N,
2527 4338 2549 4398 E
2586 4336 2667 4396 with
2696 4336 2754 4396 M,
2777 4333 2791 4393 F
2827 4335 2908 4395 with
2937 4334 2982 4394 L,
3003 4332 3018 4392 G
3061 4332 3135 4392 with
3171 4333 3230 4393 K,
3245 4336 3267 4396 H

1834 4393 1915 4453 with
1963 4396 1997 4456 I,
2024 4396 2113 4456 &c.,
2133 4396 2202 4456 and
2235 4392 2289 4452 the
2324 4392 2453 4452 sheets
2480 4388 2562 4448 then
2603 4388 2719 4448 folded
2759 4384 2977 4444 alternately
3011 4380 3175 4440 inwards
3209 4380 3276 4440 and

1833 4444 2048 4504 outwards,
2062 4444 2096 4504 so
2124 4444 2208 4504 that
2228 4444 2284 4504 the
2312 4440 2395 4500 first
2409 4436 2478 4496 and
2513 4436 2582 4496 last
2603 4436 2721 4496 pages
2742 4432 2797 4492 are
2825 4432 2957 4492 blank,
2978 4432 3040 4492 and
3075 4428 3144 4488 two
3165 4428 3276 4488 blank

1836 4496 1955 4556 pages
1979 4492 2090 4552 come
2122 4492 2280 4552 between
2319 4488 2407 4548 each
2438 4485 2518 4545 pair
2550 4484 2589 4544 of
2613 4483 2764 4543 printed
2803 4480 2915 4540 ones,
2938 4480 2993 4540 the
3034 4480 3144 4540 effect
3168 4480 3279 4540 being

1834 4540 1921 4600 thus
1947 4540 2008 4600 the
2048 4540 2147 4600 same
2180 4540 2228 4600 as
2261 4539 2360 4599 when
2394 4536 2481 4596 each
2527 4530 2634 4590 sheet
2667 4529 2741 4589 was
2774 4528 2961 4588 arranged
3001 4528 3273 4588 consecutively

1830 4588 1976 4648 instead
2020 4588 2071 4648 of,
2100 4588 2136 4648 as
2173 4588 2282 4648 here,
2305 4584 2334 4644 in
2370 4584 2516 4644 quires.
2574 4580 2648 4640 The
2684 4580 2757 4640 fact
2786 4576 2874 4636 that
2903 4576 2969 4636 the
3006 4576 3195 4636 woodcuts
3232 4574 3268 4634 on

1837 4637 1897 4697 the
1927 4636 1995 4696 two
2033 4636 2146 4696 pages
2176 4633 2319 4693 printed
2357 4632 2395 4692 on
2433 4632 2493 4692 the
2531 4628 2629 4688 same
2667 4628 2780 4688 sheet
2803 4628 2863 4688 are
2900 4624 3104 4684 frequently
3142 4625 3270 4685 placed

1830 4684 1873 4744 at
1894 4687 2066 4747 different
2087 4684 2238 4744 heights
2259 4680 2295 4740 on
2324 4681 2381 4741 the
2402 4680 2517 4740 paper
2538 4680 2660 4740 points
2682 4680 2717 4740 to
2739 4677 2832 4737 their
2853 4676 2989 4736 having
3018 4676 3104 4736 been
3126 4676 3268 4736 printed

1830 4736 1908 4796 from
1951 4736 2022 4796 two
2049 4734 2219 4794 separate
2241 4732 2396 4792 blocks.
