3989 5711
773 543 1018 603 Another
1054 543 1281 603 edition.

829 637 882 697 40
928 639 1097 699 leaves,
1127 639 1304 699 making
1358 635 1381 695 a
1419 638 1641 698 complete
1687 635 1825 695 copy,
1856 636 1910 696 of
1948 635 2224 695 Schreiber's

767 699 930 759 edition
971 699 1033 759 V,
1053 699 1278 759 described
1319 696 1367 756 by
1408 696 1483 756 him
1538 698 1579 758 as
1620 695 1838 755 identical
1859 695 1954 755 with
2002 695 2091 755 IV,
2118 695 2220 755 save

777 763 838 823 for
862 759 931 819 the
969 759 1254 819 substitution
1284 755 1331 815 of
1354 757 1431 817 two
1469 759 1562 819 cuts
1592 759 1623 819 (c
1654 759 1731 819 and
1770 759 1816 819 d)
1846 757 1893 817 of
1908 755 2077 815 edition
2116 756 2200 816 VI.

2037 850 2132 910 IB.
2150 851 2237 911 42.

834 855 947 915 King
988 854 1158 914 George
1190 851 1303 911 III's
1327 851 1433 911 copy
1473 855 1554 915 (C.
1570 855 1611 915 9.
1635 855 1683 915 d.
1708 857 1773 917 2).

769 1019 1026 1079 Another
1063 1019 1293 1079 edition.

831 1118 882 1178 37
911 1115 1079 1175 leaves,
1093 1115 1122 1175 i.
1137 1114 1174 1174 e.
1203 1113 1305 1173 save
1342 1115 1408 1175 for
1437 1113 1554 1173 three
1591 1115 1737 1175 leaves
1766 1115 1817 1175 (s,
1839 1115 1905 1175 .t.,
1920 1115 1992 1175 .v.,
2014 1115 2212 1175 supplied

770 1175 818 1235 by
853 1175 923 1235 the
964 1175 1082 1235 three
1124 1175 1346 1235 described
1395 1175 1533 1235 under
1569 1175 1652 1235 IB.
1672 1178 1749 1238 45)
1770 1175 1790 1235 a
1826 1172 2047 1232 complete
2089 1176 2229 1236 copy,

767 1235 821 1295 of
855 1232 1121 1292 Schreiber's
1169 1234 1332 1294 edition
1387 1231 1475 1291 VI.
1530 1235 1639 1295 This
1687 1233 1843 1293 agrees
1892 1235 2068 1295 exactly
2117 1231 2211 1291 with

766 1295 933 1355 edition
973 1292 1027 1352 IV
1067 1291 1101 1351 in
1148 1295 1442 1355 twenty-four
1475 1291 1523 1351 of
1549 1295 1603 1355 its
1637 1295 1810 1355 leaves,
1824 1291 1904 1351 but
1937 1295 2011 1355 has
2045 1295 2212 1355 sixteen

768 1355 924 1415 others
954 1351 1095 1411 (those
1139 1355 1318 1415 lettered
1362 1355 1407 1415 a,
1437 1355 1481 1415 b,
1504 1356 1541 1416 c,
1564 1359 1630 1419 d;
1667 1355 1705 1415 i,
1727 1355 1771 1415 k,
1793 1355 1831 1415 l,
1853 1356 1927 1416 m;
1980 1359 2031 1419 p,
2046 1359 2068 1419 q
2099 1362 2113 1422 ;
2158 1358 2233 1418 .c.,

784 1415 851 1475 d.,
875 1415 927 1475 l.,
957 1415 1056 1475 .m.;
1109 1415 1169 1475 .t.,
1193 1415 1268 1475 .v.)
1299 1412 1435 1472 newly
1472 1415 1563 1475 cut.
1624 1415 1738 1475 This
1768 1413 1805 1473 is
1836 1415 1904 1475 the
1942 1413 2109 1473 edition
2147 1409 2222 1469 de¬

765 1475 936 1535 scribed
974 1474 1026 1534 by
1064 1475 1265 1535 Sotheby
1310 1475 1549 1535 (Principia
1586 1475 1961 1535 Typographica,
1990 1471 2080 1531 vol.
2110 1475 2148 1535 i)
2177 1475 2222 1535 as

770 1533 837 1593 the
877 1535 1065 1595 second,
1085 1535 1158 1595 and
1205 1535 1252 1595 by
1292 1535 1526 1595 Schreiber
1553 1533 1599 1593 as
1626 1534 1706 1594 one
1740 1531 1787 1591 of
1814 1534 1887 1594 the
1920 1535 2041 1595 three
2081 1533 2155 1593 (his
2188 1538 2229 1598 I,

765 1594 862 1654 IV,
899 1595 981 1655 and
1041 1595 1130 1655 VI)
1175 1595 1392 1655 probably
1452 1595 1601 1655 copied
1653 1592 1840 1652 directly
1900 1593 1989 1653 from
2056 1595 2079 1655 a
2139 1593 2220 1653 lost

773 1655 980 1715 original,
1007 1655 1087 1715 and
1140 1651 1374 1711 moreover
1422 1651 1488 1711 the
1535 1653 1615 1713 one
1662 1654 1789 1714 which
1843 1653 2029 1713 appears
2069 1651 2110 1711 to
2156 1651 2224 1711 re-

771 1715 961 1775 produce
995 1715 1030 1775 it
1050 1711 1124 1771 the
1151 1715 1267 1775 most
1295 1715 1540 1775 faithfully.
1601 1715 1662 1775 Its
1696 1715 1846 1775 claims
1873 1711 1914 1771 to
1948 1711 1996 1771 be
2030 1713 2098 1773 the
2132 1711 2220 1771 first

767 1775 843 1835 are
877 1775 1113 1835 negatived
1155 1774 1204 1834 on
1238 1775 1308 1835 the
1342 1774 1515 1834 ground
1550 1772 1599 1832 of
1626 1775 1703 1835 the
1730 1771 1938 1831 presence
1973 1773 2028 1833 of
2056 1775 2125 1835 the
2167 1777 2215 1837 24

771 1835 917 1895 leaves
945 1835 1036 1895 from
1084 1835 1251 1895 edition
1285 1835 1369 1895 IV.

835 1930 1023 1990 Bought
1051 1927 1078 1987 in
1107 1931 1247 1991 May,
1266 1927 1377 1987 1848
1406 1931 1481 1991 (C.
1509 1930 1574 1990 17.
1602 1928 1640 1988 c.
1658 1937 1753 1997 13).

2035 1927 2135 1987 IB.
2158 1936 2214 1996 43

770 2087 1026 2147 Another
1064 2087 1290 2147 edition.

835 2181 1125 2241 Fragments,
1147 2183 1214 2243 the
1244 2179 1392 2239 centre
1422 2179 1467 2239 of
1489 2179 1504 2239 d
1540 2179 1623 2239 and
1659 2175 1801 2235 lower
1823 2181 1942 2241 parts
1971 2180 2016 2240 of
2038 2183 2061 2243 k
2090 2183 2172 2243 and
2209 2187 2240 2247 1,

767 2243 816 2303 of
840 2243 1112 2303 Schreiber's
1136 2243 1301 2303 edition
1342 2239 1482 2299 VIII.
1539 2239 1621 2299 See
1654 2239 1901 2299 Dodgson,
1917 2243 1950 2303 i.
1975 2243 2081 2303 209.

836 2331 949 2391 From
1010 2335 1077 2395 the
1123 2335 1312 2395 Bagford
1357 2335 1621 2395 collection,
1644 2331 1787 2391 where
1825 2335 1907 2395 two
1953 2335 2081 2395 other
2119 2336 2217 2396 even

772 2396 951 2456 smaller
987 2395 1231 2455 fragments
1260 2395 1353 2455 still
1381 2395 1547 2455 remain
1583 2395 1741 2455 (Harl.
1763 2401 1898 2461 5934,
1928 2395 2035 2455 nos.
2063 2395 2107 2455 16
2143 2397 2221 2457 and

775 2455 874 2515 18).
932 2459 1147 2519 Mounted
1188 2459 1238 2519 on
1272 2455 1421 2515 cards.

1917 2455 2043 2515 Print
2069 2459 2238 2519 Room.

772 2627 1030 2687 Another
1064 2627 1287 2687 edition.

833 2721 879 2781 40
918 2723 1082 2783 leaves,
1105 2719 1113 2779 a
1152 2721 1370 2781 complete
1401 2719 1534 2779 copy,
1557 2719 1603 2779 of
1635 2719 1908 2779 Schreiber's
1939 2719 2103 2779 edition
2142 2719 2235 2779 IX.

772 2781 880 2841 This
902 2782 937 2842 is
974 2783 1190 2843 identical
1212 2779 1306 2839 with
1349 2779 1414 2839 his
1450 2779 1586 2839 VIII,
1609 2779 1702 2839 save
1746 2779 1847 2839 that
1868 2779 1941 2839 the
1976 2779 2135 2839 blocks
2171 2781 2228 2841 for

768 2843 917 2903 leaves
944 2843 987 2903 r,
997 2844 1040 2904 s,
1058 2846 1093 2906 t,
1110 2843 1163 2903 y,
1181 2843 1286 2903 have
1312 2839 1417 2899 been
1461 2839 1610 2899 recut.

836 2939 1062 2999 Grenville
1088 2939 1201 2999 copy
1236 2939 1314 2999 (G.
1332 2939 1514 2999 12090).

2052 2940 2214 3000 IB.44

775 3103 1030 3163 BIBLIA
1103 3103 1580 3163 PAUPERUM.
1644 3103 1888 3163 German
1920 3103 2057 3163 text.

1684 3183 2030 3243 [Germany,
2051 3187 2214 3247 1470.

838 3272 903 3332 1b.
928 3275 1035 3335 Nym
1092 3275 1182 3335 war
1206 3278 1272 3338 ain
1313 3279 1550 3339 Julickfraw
1600 3279 1699 3339 wirt
1731 3279 1854 3339 enpfa
1886 3279 2001 3339 schen
2043 3279 2091 3339 vn
2133 3279 2230 3339 wirt

769 3335 991 3395 gebellren
1028 3339 1094 3399 ain
1132 3339 1265 3399 kind.
1325 3339 1421 3399 40°.
1450 3339 1591 3399 END:
1635 3339 1740 3399 Man
1776 3339 1850 3399 list
1888 3340 1932 3400 In
1969 3339 2051 3399 dem
2103 3339 2213 3399 puch

772 3399 939 3459 appoca
983 3397 1084 3457 lipsi
1122 3399 1209 3459 xxj
1245 3397 1326 3457 das
1362 3397 1442 3457 der
1478 3399 1617 3459 engel
1646 3395 1778 3455 begri
1807 3399 1843 3459 ff
1873 3399 2091 3459 johannes
2135 3399 2215 3459 den

770 3457 1055 3517 ewangeliste
1117 3455 1193 3515 vnd
1228 3457 1332 3517 wolt
1353 3459 1395 3519 Im
1443 3459 1589 3519 zaigon
1624 3459 1686 3519 die
1714 3459 1784 3519 hei
1811 3459 2054 3519 mlichkeit
2075 3459 2221 3519 gottes

774 3519 884 3579 vnnd
920 3519 1072 3579 sprach
1155 3515 1239 3575 kum
1294 3515 1363 3575 Ich
1398 3519 1501 3579 czaig
1544 3517 1606 3577 dir
1633 3515 1688 3575 ain
1731 3519 1827 3579 weib

1902 3519 1970 3579 ain
2004 3519 2229 3579 gemahel

767 3573 843 3633 des
872 3578 1011 3638 lemlis
1031 3579 1107 3639 der
1163 3579 1302 3639 engel
1323 3579 1441 3639 redet
1462 3579 1504 3639 zu
1539 3579 1636 3639 allen
1671 3579 1838 3639 gemain
1907 3579 1949 3639 zu
1983 3579 2213 3639 begreiffen

771 3637 885 3697 vnnd
921 3639 965 3699 zu
1000 3639 1236 3699 erlalngen
1272 3639 1315 3699 Im
1372 3639 1487 3699 gaist
1516 3637 1566 3697 d3
1587 3639 1853 3699 vnschuldig
1938 3639 2089 3699 lemlin
2117 3638 2224 3698 cris¬

769 3699 844 3759 tum
905 3695 980 3755 der
1018 3698 1086 3758 die
1132 3699 1260 3759 vnsch
1290 3699 1479 3759 uldigen
1525 3699 1615 3759 seel
1646 3699 1706 3759 ist
1736 3699 1895 3759 cronen
1949 3703 2220 3763 icwo

767 3759 989 3819 shields.]
1014 3759 1158 3819 1470,

817 3847 951 3907 Folio.
984 3847 1024 3907 40
1044 3847 1191 3907 leaves,
1204 3847 1344 3907 printed
1371 3847 1444 3907 with
1478 3847 1598 3907 brown
1625 3847 1678 3907 ink
1698 3847 1738 3907 on
1765 3847 1825 3907 one
1852 3847 1925 3907 side
1952 3850 2059 3910 only,
2072 3847 2219 3907 lettered

767 3894 853 3954 a-f,
865 3895 1371 3955 stwvuxyzzotA-L,
1390 3898 1569 3958 arranged
1606 3895 1631 3955 in
1662 3895 1674 3955 a
1704 3897 1822 3957 single
1847 3895 2063 3955 gathering,
2081 3895 2118 3955 so
2143 3895 2198 3955 tha

766 3941 825 4001 the
860 3943 985 4003 leaves
1008 3943 1162 4003 lettered
1193 3943 1204 4003 a
1234 3943 1299 4003 and
1328 3946 1376 4006 L,
1394 3944 1406 4004 b
1435 3943 1501 4003 and
1530 3943 1583 4003 K,
1601 3943 1613 4003 c
1637 3943 1708 4003 and
1737 3947 1773 4007 I,
1791 3947 1874 4007 &c.,
1891 3943 1951 4003 are
1974 3946 2217 4006 respectively

766 3991 899 4051 halves
922 3993 963 4053 of
980 3992 1032 4052 the
1061 3991 1160 4051 same
1189 3991 1311 4051 sheet.
1358 3991 1392 4051 In
1421 3991 1497 4051 this
1520 3992 1653 4052 edition
1683 3992 1741 4052 the
1770 3995 1880 4055 group
1909 3991 1950 4051 of
1967 3992 2030 4052 five
2060 3992 2222 4052 pictures

771 4043 817 4103 (i.
829 4043 863 4103 e.
892 4043 956 4103 one
1008 4041 1118 4101 scene
1153 4043 1228 4103 from
1286 4043 1344 4103 the
1390 4042 1471 4102 New
1518 4043 1761 4103 Testament,
1790 4043 1859 4103 two
1900 4043 1981 4103 from
2039 4040 2103 4100 the
2143 4043 2212 4103 Old

775 4090 1013 4150 Testament,
1030 4091 1095 4151 and
1125 4091 1190 4151 two
1220 4090 1315 4150 pairs
1344 4089 1380 4149 of
1398 4091 1605 4151 Prophets)
1624 4091 1653 4151 is
1677 4091 1837 4151 brought
1860 4091 1890 4151 to
1920 4091 1973 4151 the
2009 4091 2062 4151 top
2097 4088 2134 4148 of
2157 4091 2216 4151 the

775 4139 890 4199 page,
902 4139 962 4199 the
992 4139 1240 4199 prophecies,
1265 4139 1380 4199 which
1417 4139 1447 4199 in
1483 4139 1544 4199 the
1580 4139 1683 4199 Latin
1719 4139 1883 4199 editions
1913 4139 2058 4199 printed
2095 4139 2125 4199 in
2162 4139 2222 4199 the

769 4185 848 4245 Low
893 4187 1093 4247 Countries
1121 4190 1263 4250 appear
1291 4187 1331 4247 on
1371 4187 1524 4247 scrolls,
1547 4187 1655 4247 being
1689 4187 1820 4247 placed
1859 4187 1893 4247 to
1927 4187 1984 4247 the
2018 4187 2120 4247 right
2149 4187 2216 4247 and

775 4233 835 4293 left
859 4235 895 4295 of
919 4235 980 4295 the
1004 4237 1204 4297 prophets,
1222 4236 1325 4296 while
1349 4235 1409 4295 the
1440 4235 1688 4295 descriptions
1724 4235 1760 4295 of
1784 4235 1845 4295 the
1876 4235 1942 4295 two
1978 4235 2044 4295 Old
2087 4234 2220 4294 Testa-

768 4283 878 4343 ment
907 4283 1017 4343 types
1052 4287 1191 4347 occupy
1226 4287 1284 4347 the
1325 4287 1441 4347 whole
1475 4285 1517 4345 of
1545 4287 1603 4347 the
1644 4283 1760 4343 lower
1783 4283 1871 4343 part
1900 4283 1940 4343 of
1969 4283 2033 4343 the
2062 4283 2155 4343 page
2190 4283 2218 4343 in

772 4331 928 4391 parallel
959 4335 1153 4395 columns.
1231 4335 1377 4395 Tirage
1413 4331 1467 4391 b'
1498 4331 1546 4391 of
1582 4335 1818 4395 Schreiber's
1854 4331 2109 4391 description.
2175 4331 2212 4391 In

783 4379 913 4439 tirage
955 4379 997 4439 a'
1032 4379 1073 4439 by
1115 4383 1174 4443 the
1210 4383 1287 4443 side
1329 4383 1370 4443 of
1400 4383 1465 4443 the
1506 4383 1649 4443 shields
1685 4381 1720 4441 is
1755 4379 1773 4439 a
1815 4379 1999 4439 colophon
2041 4381 2230 4441 reading:

777 4431 988 4491 Friederich
1020 4431 1195 4491 walthern
1227 4431 1374 4491 mauler
1425 4431 1458 4491 zu
1497 4431 1735 4491 Nördlingen
1773 4431 1838 4491 vnd
1876 4432 1992 4492 Hans
2030 4431 2217 4491 Hrning

771 4483 921 4543 habent
942 4483 996 4543 dis
1017 4483 1113 4543 büch
1140 4483 1222 4543 mitt
1242 4483 1428 4543 einander
1448 4483 1646 4543 gemacht.

836 4571 917 4631 295
941 4571 957 4631 X
989 4571 1070 4631 207
1094 4571 1199 4631 mm.
1256 4571 1353 4631 The
1401 4571 1506 4631 cuts
1547 4573 1619 4633 are
1668 4571 1910 4631 coloured.
1967 4571 2080 4631 From
2153 4573 2225 4633 the

786 4631 962 4691 Weigel
977 4631 1236 4691 collection.

832 4727 1021 4787 Bought
1047 4727 1081 4787 in
1115 4727 1253 4787 June,
1270 4731 1398 4791 1872.

2074 4723 2166 4783 IB.
2188 4736 2235 4796 3.

2289 539 2540 599 Another
2589 543 2821 603 edition,
2860 543 3044 603 copied
3101 539 3208 599 from
3285 543 3372 603 the
3420 543 3749 603 preceding,

2361 619 2557 679 ending
2601 619 2708 679 with
2753 623 2833 683 the
2877 623 3055 683 device
3091 623 3144 683 of
3172 623 3331 683 Hans
3368 623 3608 683 Spoerer
3634 627 3732 687 and

2362 702 2445 762 the
2482 703 2593 763 date
2639 707 2796 767 1471.

2340 799 2466 859 Folio.
2514 803 2553 863 40
2580 803 2727 863 leaves,
2747 803 2887 863 printed
2920 803 3001 863 with
3027 803 3115 863 dark
3141 803 3261 863 brown
3295 803 3355 863 ink
3381 803 3421 863 on
3448 803 3521 863 one
3548 803 3622 863 side
3648 806 3756 866 only,

2283 851 2465 911 arranged
2505 851 2539 911 so
2579 851 2619 911 as
2653 851 2687 911 to
2722 851 2762 911 be
2796 851 2962 911 foldable
3001 851 3031 911 in
3070 851 3087 911 a
3122 854 3242 914 single
3276 855 3498 915 gathering,
3521 854 3584 914 the
3618 854 3744 914 sheets

2286 899 2440 959 lettered
2475 899 2500 959 in
2529 901 2588 961 the
2612 903 2737 963 centre
2772 903 2932 963 between
2968 903 3033 963 the
3063 901 3128 961 two
3164 903 3377 963 woodcuts,
3395 908 3484 968 a-g,
3502 907 3579 967 (hl,
3591 901 3674 961 i-v,
3692 902 3745 962 the

2286 947 2371 1007 first
2400 948 2576 1008 woodcut
2598 951 2672 1011 and
2706 951 2769 1011 the
2814 951 2888 1011 last
2922 951 3070 1011 coming
3109 951 3155 1011 on
3195 951 3258 1011 the
3291 951 3394 1011 same
3428 951 3552 1011 sheet,
3581 951 3644 1011 and
3683 951 3740 1011 the

2281 995 2420 1055 middle
2451 995 2487 1055 of
2505 999 2560 1059 the
2590 999 2785 1059 gathering
2815 1000 2918 1060 being
2949 999 3089 1059 formed
3119 999 3161 1059 by
3192 999 3295 1059 sheet
3319 1001 3356 1061 v,
3374 1002 3587 1062 containing
3618 1001 3745 1061 wood-

2282 1045 2365 1105 cuts
2391 1047 2424 1107 20
2456 1047 2520 1107 and
2546 1047 2611 1107 21.
2662 1049 2824 1109 'Tirage
2843 1047 2901 1107 b'
2914 1047 2953 1107 of
2979 1051 3205 1111 Schreiber's
3231 1051 3482 1111 description.

2348 1143 2472 1203 285X
2507 1147 2578 1207 195
2613 1147 2728 1207 mm.
2781 1147 3056 1207 Imperfect,
3073 1147 3259 1207 wanting
3303 1147 3374 1207 the
3401 1148 3498 1208 first
3524 1151 3684 1211 halves
3710 1147 3754 1207 of

2288 1207 2434 1267 sheets
2465 1208 2504 1268 a,
2527 1211 2573 1271 b,
2589 1211 2627 1271 c,
2643 1211 2728 1271 and
2758 1211 2813 1271 d.
2866 1211 3152 1271 Uncoloured
3190 1211 3267 1271 and
3305 1211 3544 1271 unfolded.

2348 1307 2533 1367 Bought
2565 1307 2591 1367 in
2632 1307 2766 1367 1838.

3610 1311 3699 1371 IC.
3713 1321 3773 1381 5.

2296 1487 2625 1547 CANTICA
2698 1487 3275 1547 CANTICORUM.
3347 1491 3460 1551 The
3502 1491 3657 1551 Story
3698 1491 3749 1551 of

2355 1567 2439 1627 the
2485 1571 2627 1631 Song
2664 1571 2722 1631 of
2759 1572 2938 1632 Songs
2966 1571 3295 1631 interpreted
3333 1575 3389 1635 as
3418 1575 3644 1635 relating
3691 1571 3737 1631 to

2355 1651 2443 1711 the
2481 1651 2704 1711 Blessed
2753 1651 2957 1711 Virgin.

2866 1735 3006 1795 [The
3043 1735 3446 1795 Netherlands,
3475 1737 3521 1797 c.
3550 1739 3727 1799 1465?

2357 1835 2424 1895 1b.
2454 1840 2530 1900 Dit
2560 1843 2590 1903 is
2620 1843 2688 1903 die
2726 1843 3065 1903 voersienicheit
3095 1843 3148 1903 va
3178 1843 3314 1903 marie
3351 1843 3427 1903 der
3457 1845 3585 1905 mod'
3608 1843 3743 1903 godes

2294 1899 2352 1959 En
2395 1903 2419 1963 is
2444 1903 2604 1963 gehete
2637 1903 2671 1963 in
2704 1903 2805 1963 latij
2830 1907 2940 1967 catic
2964 1907 3056 1967 ...

2348 1999 2474 2059 Folio.
2510 1999 2651 2059 Ja-h'.]
2693 2003 2728 2063 16
2756 2003 2904 2063 leaves,
2911 2003 3094 2063 arranged
3123 2003 3151 2063 in
3179 2003 3299 2063 single
3320 2003 3447 2063 sheets
3468 2003 3510 2063 of
3524 2003 3595 2063 two
3616 2003 3750 2063 leaves

2292 2050 2405 2110 each,
2422 2051 2559 2111 printed
2598 2049 2678 2109 with
2718 2051 2837 2111 brown
2877 2051 2933 2111 ink
2961 2051 3006 2111 on
3047 2051 3115 2111 one
3143 2051 3217 2111 side
3251 2050 3353 2110 only,
3370 2051 3410 2111 on
3444 2051 3506 2111 the
3534 2051 3636 2111 verso
3670 2051 3738 2111 and

2286 2099 2384 2159 recto
2420 2099 2664 2159 alternately,
2693 2099 2728 2159 so
2763 2099 2850 2159 that
2880 2099 2938 2159 the
2978 2099 3060 2159 first
3089 2099 3183 2159 page
3218 2099 3246 2159 is
3281 2099 3392 2159 blank
3433 2099 3503 2159 and
3538 2099 3747 2159 thereafter

2296 2147 2400 2207 every
2429 2149 2493 2209 two
2522 2148 2638 2208 pages
2662 2148 2696 2208 of
2719 2147 2859 2207 printed
2888 2147 3022 2207 matter
3045 2147 3103 2207 are
3132 2147 3294 2207 followed
3324 2147 3364 2207 by
3393 2147 3457 2207 two
3480 2149 3591 2209 blank
3620 2151 3753 2211 pages,

2293 2197 2352 2257 till
2370 2199 2429 2259 the
2459 2199 2571 2259 single
2594 2199 2707 2259 blank
2737 2202 2826 2262 page
2855 2199 2891 2259 at
2908 2199 2968 2259 the
2997 2199 3086 2259 end.
3140 2196 3210 2256 The
3240 2198 3358 2258 whole
3382 2199 3477 2259 book
3506 2199 3678 2259 contains
3708 2199 3743 2259 32

2296 2247 2510 2307 woodcuts,
2522 2247 2603 2307 each
2632 2247 2840 2307 measuring
2876 2247 2968 2307 125x
2997 2247 3055 2307 180
3084 2245 3113 2305 (-
3153 2246 3235 2306 183)
3246 2247 3357 2307 mm.,
3368 2247 3432 2307 two
3461 2248 3571 2308 being
3600 2247 3739 2307 printed

2296 2295 2337 2355 on
2367 2295 2379 2355 a
2415 2296 2528 2356 page,
2545 2295 2581 2355 so
2610 2295 2693 2355 that
2717 2295 2800 2355 they
2836 2295 2901 2355 fall
2919 2295 2996 2355 into
3026 2295 3132 2355 eight
3150 2295 3287 2355 groups
3310 2295 3346 2355 of
3363 2295 3464 2355 four.
3518 2295 3595 2355 The
3624 2295 3749 2355 wood¬

2296 2344 2377 2404 cuts
2400 2343 2573 2403 illustrate
2602 2344 2661 2404 the
2695 2343 2793 2403 Song
2828 2343 2869 2403 of
2898 2346 3020 2406 Songs
3043 2343 3240 2403 according
3274 2343 3309 2403 to
3338 2343 3396 2403 the
3419 2343 3616 2403 medieval
3634 2346 3749 2406 inter¬

2294 2395 2481 2455 pretation
2521 2392 2635 2452 which
2669 2393 2862 2453 identified
2907 2392 2964 2452 the
3009 2391 3146 2451 Bride,
3168 2391 3237 2451 not
3265 2391 3350 2451 with
3384 2395 3447 2455 the
3486 2395 3657 2455 Church,
3685 2395 3748 2455 but

2297 2441 2377 2501 with
2408 2443 2470 2503 the
2507 2443 2655 2503 Blessed
2692 2442 2847 2502 Virgin.
2908 2443 2983 2503 The
3020 2441 3094 2501 title
3125 2442 3261 2502 quoted
3298 2440 3415 2500 above
3458 2443 3490 2503 is
3520 2443 3588 2503 cut
3619 2443 3742 2503 within

2292 2493 2309 2553 a
2342 2491 2458 2551 small
2481 2491 2769 2551 compartment
2791 2491 2952 2551 running
2985 2491 3091 2551 along
3129 2491 3185 2551 the
3224 2488 3279 2548 top
3313 2491 3352 2551 of
3374 2491 3435 2551 the
3463 2491 3540 2551 first
3562 2491 3752 2551 woodcut,

2292 2537 2360 2597 and
2388 2539 2547 2599 appears
2575 2539 2604 2599 to
2632 2539 2723 2599 have
2751 2539 2837 2599 been
2865 2539 2984 2599 added
3013 2539 3109 2599 after
3131 2539 3165 2599 an
3200 2539 3330 2599 edition
3369 2539 3438 2599 had
3472 2539 3562 2599 been
3597 2543 3738 2603 printed

2294 2587 2450 2647 without
2481 2589 2529 2649 it.
2590 2587 2626 2647 It
2651 2587 2681 2647 is
2711 2587 2826 2647 found
2862 2587 2892 2647 in
2922 2587 3007 2647 only
3044 2587 3110 2647 one
3146 2587 3255 2647 other
3285 2589 3401 2649 copy,
3425 2587 3491 2647 and
3527 2591 3588 2651 the
3624 2591 3745 2651 cutter

2288 2635 2395 2695 may,
2412 2635 2599 2695 perhaps,
2616 2635 2702 2695 have
2735 2635 2934 2695 originally
2962 2635 3093 2695 meant
3115 2635 3149 2695 to
3183 2635 3359 2695 continue
3393 2637 3421 2697 it
3444 2639 3551 2699 along
3591 2639 3648 2699 the
3682 2639 3738 2699 top

2293 2683 2333 2743 of
2351 2684 2409 2744 the
2432 2686 2519 2746 first
2537 2685 2600 2745 cut
2617 2687 2658 2747 on
2687 2687 2745 2747 the
2775 2687 2937 2747 opposite
2966 2687 3082 2747 page,
3099 2687 3163 2747 and
3198 2685 3279 2745 then
3308 2687 3401 2747 have
3430 2687 3512 2747 held
3546 2687 3604 2747 his
3634 2688 3756 2748 hand.

2291 2733 2376 2793 The
2413 2735 2506 2795 texts
2542 2735 2679 2795 quoted
2714 2736 2757 2796 on
2800 2735 2929 2795 scrolls
2959 2736 2994 2796 in
3030 2735 3088 2795 the
3123 2735 3303 2795 different
3331 2736 3497 2796 pictures
3526 2739 3590 2799 are
3626 2739 3683 2799 all
3712 2739 3740 2799 in

2298 2783 2432 2843 Latin.

2356 2877 2431 2937 280
2464 2882 2485 2942 X
2518 2881 2594 2941 207
2625 2883 2734 2943 mm.

2353 2981 2541 3041 Bought
2568 2983 2605 3043 in
2644 2979 2785 3039 1838.

3564 2983 3661 3043 IB.
3680 2987 3758 3047 46.

2294 3159 2546 3219 Another
2577 3159 2808 3219 edition.
2872 3159 3008 3219 [The
3051 3163 3451 3223 Netherlands,
3471 3167 3524 3227 c.
3555 3167 3755 3227 1470?1

2336 3259 2464 3319 Folio.
2519 3259 2648 3319 [a-h2.
2708 3263 2750 3323 16
2777 3263 2926 3323 leaves,
2947 3263 3089 3323 printed
3123 3259 3205 3319 with
3238 3263 3347 3323 black
3381 3263 3442 3323 ink
3476 3264 3517 3324 on
3557 3267 3626 3327 one
3666 3267 3741 3327 side

2288 3307 2395 3367 only,
2420 3311 2596 3371 intended
2634 3307 2671 3367 to
2710 3311 2753 3371 be
2785 3311 2967 3371 arranged
3005 3311 3049 3371 as
3080 3312 3111 3372 in
3150 3315 3206 3375 the
3244 3315 3420 3375 previous
3451 3315 3608 3375 edition.
3658 3315 3740 3375 The

2285 3359 2419 3419 blocks
2448 3359 2511 3419 are
2534 3360 2662 3420 recut.

2349 3451 2455 3511 This
2493 3452 2599 3512 copy
2644 3455 2720 3515 has
2757 3455 2863 3515 been
2909 3455 2984 3515 cut
3015 3455 3144 3515 down
3181 3458 3302 3518 close
3341 3459 3378 3519 to
3423 3459 3492 3519 the
3529 3459 3666 3519 edges
3704 3459 3749 3519 of

2283 3514 2384 3574 each
2438 3515 2534 3575 pair
2575 3512 2622 3572 of
2657 3515 2887 3575 woodcuts
2921 3515 3002 3575 and
3051 3517 3261 3577 mounted
3302 3515 3356 3575 on
3404 3519 3472 3579 the
3519 3519 3662 3579 rectos
3696 3519 3743 3579 of

2288 3575 2457 3635 sixteen
2488 3575 2656 3635 leaves.
2718 3575 2811 3635 The
2849 3579 3141 3639 impressions
3179 3579 3286 3639 have
3317 3579 3417 3639 been
3463 3579 3655 3639 touched
3694 3586 3739 3646 up

2291 3633 2347 3693 by
2385 3635 2528 3695 hand.

2355 3695 2505 3755 Bound
2543 3695 2571 3755 in
2600 3695 2723 3755 black
2760 3698 2986 3758 morocco,
3005 3699 3118 3759 blind
3146 3699 3316 3759 tooled,
3334 3699 3382 3759 by
3410 3699 3561 3759 Roger
3579 3703 3749 3763 Payne.

2351 3803 2639 3863 Cracherode
2673 3807 2809 3867 copy.

3569 3807 3656 3867 IC.
3678 3818 3756 3878 47.

2293 3975 2709 4035 DONATUS,
2740 3979 2979 4039 AELIUS.
3052 3977 3136 4037 De
3177 3978 3301 4038 octo
3344 3980 3583 4040 partibus
3634 3979 3748 4039 ora¬

2357 4059 2545 4119 tionis.

2885 4059 3029 4119 [The
3062 4059 3465 4119 Netherlands,
3487 4063 3543 4123 c.
3565 4063 3743 4123 1500.)

2345 4167 2460 4227 Leaf
2495 4167 2513 4227 6
2557 4167 2601 4227 of
2628 4167 2672 4227 an
2707 4167 2875 4227 edition
2910 4167 2964 4227 on
3008 4167 3052 4227 16
3087 4167 3264 4227 leaves,
3282 4167 3326 4227 of
3353 4167 3485 4227 which
3529 4171 3609 4231 the
3644 4167 3750 4227 text

2289 4227 2501 4287 probably
2538 4230 2674 4290 began
2712 4227 2758 4287 on
2788 4228 2864 4288 the
2894 4227 3015 4287 verso
3045 4227 3090 4287 of
3113 4227 3181 4287 the
3211 4227 3332 4287 first.

2332 4327 2501 4387 Quarto.
2550 4327 2698 4387 Printed
2733 4327 2762 4387 in
2805 4327 2911 4387 black
2953 4327 3038 4387 ink,
3052 4327 3080 4387 in
3122 4327 3136 4387 a
3171 4327 3299 4387 press,
3313 4327 3356 4387 on
3391 4327 3476 4387 both
3511 4327 3638 4387 sides.
3680 4323 3744 4383 62.

2281 4376 2323 4436 28
2353 4379 2469 4439 lines,
2494 4379 2591 4439 169X
2621 4379 2683 4439 113
2713 4379 2810 4439 mm.
2859 4379 2902 4439 6°
2932 4375 3096 4435 begins:
3121 4376 3181 4436 qni
3199 4375 3285 4435 t'cia
3316 4377 3492 4437 coiugatô
3516 4376 3613 4436 futun
3656 4375 3711 4435 tep

2284 4425 2331 4485 nö
2367 4427 2384 4487 1
2408 4424 2456 4484 am
2497 4424 2568 4484 ...
2621 4423 2663 4483 62
2699 4426 2793 4486 ends
2811 4426 2823 4486 :
2847 4426 2995 4486 negâdi
3025 4423 3066 4483 a'
3095 4423 3202 4483 affir¬
3273 4423 3320 4483 6°
3344 4426 3474 4486 begins
3498 4423 3510 4483 :
3552 4423 3664 4483 mâdi
3699 4423 3711 4483 a

2284 4475 2492 4535 demrandi
2518 4478 2562 4538 a"
2600 4475 2738 4535 optâdi
2751 4475 2827 4535 ...
2865 4475 2909 4535 6b
2941 4475 3035 4535 ends
3054 4475 3067 4535 :
3092 4475 3155 4535 sed
3193 4475 3225 4535 in
3263 4475 3345 4535 loco
3370 4475 3389 4535 z
3420 4475 3465 4535 de
3509 4475 3584 4535 loco
3616 4475 3736 4535 eandé

2285 4528 2377 4588 sig¬

2358 4627 2421 4687 On
2450 4627 2633 4687 vellum.
2697 4631 2780 4691 195
2807 4631 2826 4691 X
2853 4631 2927 4691 146
2963 4627 3073 4687 mm.

2352 4727 2536 4787 Bought
2562 4727 2595 4787 in
2629 4727 2762 4787 May,
2788 4727 2914 4787 1888.

3559 4727 3660 4787 IA.
3678 4727 3762 4787 48.
