4092 5700
319 548 422 608 ment
440 544 477 604 of
505 543 562 603 the
589 540 664 600 first
683 536 786 596 leaf.
823 533 870 593 It
888 534 916 594 is
935 532 1112 592 disputed
1140 528 1308 588 whether
1327 528 1392 588 the
1410 528 1560 588 initials
1579 528 1644 588 do,
1662 526 1700 586 or
1728 524 1774 584 do

313 597 399 657 not,
418 591 522 651 stand
549 588 609 648 for
635 581 819 641 Friedrich
854 584 1029 644 Walther
1055 582 1099 642 of
1125 578 1387 638 Nördlingen,
1404 580 1466 640 the
1492 576 1631 636 printer
1667 576 1702 636 of
1728 573 1771 633 an

314 648 447 708 edition
475 642 511 702 of
532 640 588 700 the
616 637 735 697 Biblia
763 632 1002 692 Pauperum.

375 731 454 791 280
479 728 494 788 x
534 728 606 788 192
637 728 749 788 mm.
805 722 900 782 The
932 721 1123 781 pictures
1155 720 1219 780 are
1250 720 1489 780 coloured.

1628 810 1716 870 IB.
1734 812 1786 872 2.

378 822 559 882 Bought
593 824 628 884 in
663 820 808 880 1848.

323 978 567 1038 Another
605 972 830 1032 edition.

636 1050 915 1110 [Ratisbon
952 1047 998 1107 :1
1026 1051 1241 1111 Johann
1287 1048 1594 1108 Eysenhut,
1621 1045 1781 1105 1471.

381 1156 424 1216 1.
450 1148 722 1208 MAgnarum
793 1144 915 1204 rerum
977 1148 1213 1208 pfunditas
1283 1145 1528 1205 Quamuis
1563 1140 1704 1200 solius
1738 1137 1782 1197 et

324 1212 558 1272 supintelle
605 1207 777 1267 ctualis
792 1208 902 1268 lucis
925 1208 1214 1268 irradiacione
1237 1204 1293 1264 sit
1347 1204 1551 1264 rimanda
1574 1202 1778 1262 Maxime

320 1276 393 1336 cum
442 1270 517 1330 non
565 1264 721 1324 vnicam
770 1268 852 1328 Sed
885 1265 1082 1325 geminam
1131 1264 1286 1324 pareat
1327 1264 1614 1324 difficultatem
1663 1260 1753 1320 Tum

313 1334 366 1394 gn
410 1332 534 1392 mens
587 1325 622 1385 p
667 1327 923 1387 sensibilium
994 1325 1269 1385 collacionem
1330 1324 1374 1384 ad
1419 1324 1534 1384 hanc
1569 1320 1746 1380 exhau¬

328 1392 505 1452 riendam
548 1388 699 1448 studet
716 1387 961 1447 manuduci
977 1387 1054 1447 ...
1104 1386 1180 1446 27,
1205 1384 1240 1444 l.
1256 1384 1341 1444 18:
1366 1384 1451 1444 ...
1468 1380 1779 1440 Quibusquidé

329 1452 600 1512 breuiloquio
645 1444 758 1504 con¬
796 1446 924 1506 clusis
969 1444 1044 1504 hee
1098 1444 1339 1504 pprietates
1384 1440 1414 1500 in
1467 1443 1784 1503 demirabilib»

325 1510 417 1570 reru
477 1508 569 1568 sine
612 1504 764 1564 debito
806 1505 1042 1565 claudunt.
1101 1506 1228 1566 Quas
1261 1504 1311 1564 ad
1354 1504 1506 1564 laudes
1548 1504 1632 1564 vir¬
1666 1499 1785 1559 ginis

327 1572 509 1632 gloriose
550 1565 843 1625 Reuerendus
875 1565 994 1625 pater
1019 1567 1146 1627 frater
1216 1564 1423 1624 francisc?
1447 1564 1495 1624 de
1527 1562 1638 1622 resza
1662 1560 1781 1620 ordis

333 1632 437 1692 fratu
469 1631 695 1691 pdicatoru
767 1624 920 1684 sacreq
960 1624 1185 1684 theologie
1217 1624 1370 1684 doctor
1394 1624 1435 1684 in
1459 1623 1539 1683 unû
1579 1620 1756 1680 opusclm

327 1688 367 1748 re
422 1689 549 1749 degit
589 1684 645 1744 ut
677 1688 843 1748 sbiecta
891 1687 1002 1747 oclis
1042 1684 1161 1744 fóma
1200 1684 1344 1744 animi
1383 1684 1438 1744 sit
1479 1680 1780 1740 oble¬ctacio

335 1748 517 1808 legétib»
557 1748 572 1808 p
621 1745 731 1805 oclis
771 1747 922 1807 habita
961 1744 1175 1804 memorie
1223 1744 1302 1804 im¬
1326 1744 1492 1804 pressio
1541 1740 1580 1800 et
1619 1740 1778 1800 deuote

327 1808 666 1868 amplexantibo
705 1806 752 1866 ad
798 1808 890 1868 uite
968 1800 1122 1860 eterne
1161 1804 1470 1864 beatitudinem
1539 1800 1755 1860 adepcio.

335 1869 558 1929 Iohannes
596 1867 819 1927 eysenhût
866 1864 1112 1924 impressor
1227 1864 1357 1924 Anno
1412 1863 1458 1923 ab
1512 1860 1788 1920 incarnacôis

331 1932 453 1992 dnice
485 1928 553 1988 M°
623 1924 1070 1984 quadringentesimo
1100 1920 1501 1980 septuagesimojo.

380 2016 510 2076 Folio.
550 2013 592 2073 27
632 2016 782 2076 leaves,
817 2016 960 2076 printed
1001 2012 1076 2072 with
1124 2008 1247 2068 brown
1288 2011 1349 2071 ink
1390 2010 1431 2070 on
1466 2008 1534 2068 one
1575 2008 1656 2068 side
1691 2008 1794 2068 only,

337 2067 483 2127 lettered
520 2068 571 2128 A,
600 2064 717 2124 A-K,
739 2061 848 2121 K-Z,
878 2063 914 2123 z,
936 2060 972 2120 5.
1023 2060 1104 2120 The
1140 2060 1388 2120 watermarks
1417 2056 1447 2116 in
1491 2056 1563 2116 this
1600 2056 1695 2116 copy
1724 2054 1782 2114 are

332 2118 538 2178 consistent
558 2112 635 2172 with
674 2112 719 2172 its
744 2112 880 2172 having
913 2111 996 2171 been
1028 2111 1222 2171 originally
1254 2108 1358 2168 made
1390 2105 1428 2165 up
1454 2106 1486 2166 in
1519 2106 1634 2166 single
1661 2104 1789 2164 sheets

331 2164 370 2224 of
396 2164 463 2224 two
495 2161 620 2221 leaves
659 2160 771 2220 each,
797 2160 922 2220 folded
962 2159 1193 2219 separately,
1212 2157 1278 2217 and
1318 2156 1443 2216 placed
1482 2156 1508 2216 in
1547 2152 1784 2212 consecutive

336 2212 465 2272 order,
485 2209 526 2269 or
553 2212 634 2272 with
669 2211 770 2271 some
804 2208 1083 2268 arrangement
1110 2208 1145 2268 in
1172 2205 1403 2265 gatherings
1430 2201 1471 2261 of
1498 2204 1559 2264 12,
1579 2204 1620 2264 6,
1641 2203 1709 2263 and
1743 2197 1783 2257 10

338 2263 477 2323 leaves,
501 2260 543 2320 or
573 2260 737 2320 possibly
774 2260 858 2320 four
888 2256 985 2316 sixes
1016 2256 1089 2316 and
1125 2256 1137 2316 a
1173 2256 1276 2316 four.
1324 2252 1470 2312 Leaves
1507 2252 1543 2312 1,
1567 2252 1633 2312 25,
1658 2249 1724 2309 26,
1749 2249 1785 2309 27

344 2311 485 2371 contain
513 2308 591 2368 text
605 2308 711 2368 only.
760 2308 859 2368 Leaf
880 2304 915 2364 I1
936 2307 1007 2367 has
1029 2304 1043 2364 a
1072 2301 1170 2361 large
1199 2303 1333 2363 picture
1361 2303 1403 2363 of
1417 2300 1523 2360 Mary
1551 2301 1622 2361 and
1650 2297 1785 2357 Joseph

334 2360 488 2420 adoring
517 2360 573 2420 the
602 2356 694 2416 Holy
729 2356 855 2416 Child,
877 2356 955 2416 with
990 2352 1117 2412 twelve
1145 2352 1237 2412 lines
1259 2348 1294 2408 of
1315 2351 1420 2411 text;
1442 2348 1506 2408 the
1527 2348 1640 2408 other
1661 2348 1788 2408 leaves

339 2408 418 2468 each
450 2408 543 2468 have
569 2408 634 2468 two
661 2408 825 2468 pictures
851 2404 930 2464 with
963 2404 1029 2464 two
1055 2404 1094 2464 or
1114 2400 1219 2460 three
1245 2400 1338 2460 lines
1364 2400 1396 2460 of
1416 2400 1495 2460 text
1515 2398 1619 2458 below
1659 2400 1764 2460 each.

403 2500 522 2560 395x
549 2496 622 2556 260
667 2498 785 2558 mm.
839 2492 1157 2552 Uncoloured.
1221 2487 1311 2547 The
1357 2484 1502 2544 sheets
1529 2488 1638 2548 have
1684 2487 1783 2547 been

344 2560 534 2620 divided,
556 2557 633 2617 and
669 2560 739 2620 the
768 2556 917 2616 leaves
945 2551 1157 2611 arranged
1192 2552 1227 2612 in
1256 2552 1277 2612 a
1306 2552 1447 2612 wrong
1483 2552 1631 2612 order.
1687 2548 1801 2608 Leaf

347 2616 396 2676 27
425 2616 452 2676 is
481 2618 516 2678 in
544 2617 783 2677 facsimile.

1633 2702 1733 2762 IC.
1753 2704 1803 2764 4.

405 2712 611 2772 Bought.

1827 536 2069 596 SALVE
2143 532 2492 592 REGINA.

2202 612 2434 672 lienhart
2461 612 2546 672 czu
2590 609 2986 669 regenspurck,
3021 608 3089 668 [c.
3116 608 3278 668 1470.

1902 705 2002 765 1°P.
2030 704 2095 764 3b.
2124 708 2202 768 Die
2238 705 2403 765 sungen
2438 706 2518 766 das
2553 704 2667 764 salue
2711 704 2782 764 das
2818 702 2896 762 vor
2933 701 3011 761 auf
3047 700 3176 760 erden
3219 699 3283 759 nie

1834 772 2030 832 gellhort
2057 772 2147 832 was
2182 768 2263 828 vnd
2308 765 2433 825 vnser
2468 768 2549 828 fraw
2602 764 2763 824 herauß
2800 764 2871 824 auf
2907 760 2969 820 ain
3005 760 3103 820 seys
3121 757 3184 817 ten
3220 760 3291 820 die

1831 832 1969 892 ander
1999 830 2131 890 wider
2145 828 2241 888 ein.
2277 824 2423 884 wehet
2437 828 2504 888 die
2526 828 2745 888 krancken
2774 821 2935 881 mitd

1844 891 1992 951 woden
2033 892 2240 952 gesundt.
2307 887 2398 947 162.
2423 885 2572 945 END:
2597 884 2746 944 Vnser
2779 884 2862 944 fraw
2920 880 3019 940 redt
3044 878 3127 938 mit
3160 877 3292 937 sandt

1836 948 2023 1008 gregori
2050 950 2125 1010 dem
2191 948 2321 1008 pabst
2405 945 2601 1005 warumb
2647 944 2694 1004 er
2731 944 2806 1004 von
2853 944 2890 1004 ir
2918 942 2993 1002 nit
3021 936 3282 996 geschriben

1843 1012 1953 1072 noch
1991 1005 2124 1065 gesäg
2218 1008 2437 1068 gemacht
2468 1004 2547 1064 het
2585 1004 2641 1064 do
2679 1000 2875 1060 antwort
2906 996 2953 1056 er
2992 996 3079 1056 vnd
3125 1000 3306 1060 sprach.

1844 1070 2076 1130 Heylillge
2101 1070 2184 1130 vnd
2217 1068 2541 1128 vnuermaligte
2565 1064 2955 1124 iungfrawschaft,
2971 1056 3196 1116 waslob
3229 1056 3287 1116 ich

1851 1129 1914 1189 dir
1946 1132 2009 1192 sag
2057 1131 2159 1191 wais
2199 1128 2262 1188 ich
2294 1128 2444 1188 nicht,
2500 1124 2587 1184 wan
2634 1124 2713 1184 den
2753 1121 2816 1181 die
2856 1120 3022 1180 hillmel
3054 1118 3117 1178 nit
3149 1117 3283 1177 haben

1847 1192 2003 1252 mugen
2043 1188 2309 1248 begreiffen.
2333 1188 2474 1248 Hastu
2506 1187 2537 1247 in
2576 1187 2670 1247 dein
2702 1184 2756 1244 en
2795 1184 2874 1244 leib
2914 1174 3219 1234 beschlossen.

1894 1270 2027 1330 Folio.
2072 1271 2139 1331 Jal
2169 1268 2236 1328 b-f
2273 1271 2303 1331 Ig
2348 1268 2430 1328 hl’.
2474 1264 2512 1324 16
2549 1264 2698 1324 leaves,
2721 1264 2907 1324 arranged
2944 1260 2981 1320 in
3019 1259 3138 1319 single
3175 1256 3301 1316 sheets

1843 1320 1885 1380 of
1921 1320 1988 1380 two
2024 1320 2152 1380 leaves
2188 1320 2303 1380 each,
2327 1316 2473 1376 printed
2515 1314 2594 1374 with
2642 1312 2763 1372 brown
2806 1312 2860 1372 ink
2903 1309 2945 1369 on
2982 1307 3048 1367 one
3091 1304 3170 1364 side
3206 1308 3310 1368 only.

1857 1365 1928 1425 The
1954 1368 2040 1428 first
2066 1368 2177 1428 sheet
2204 1368 2269 1428 not
2296 1365 2368 1425 now
2407 1364 2539 1424 known
2571 1364 2604 1424 to
2630 1361 2741 1421 exist,
2762 1360 2886 1420 sheets
2912 1356 2978 1416 2-6
3004 1356 3155 1416 lettered
3187 1356 3214 1416 in
3240 1354 3299 1414 the

1850 1418 1963 1478 space
1989 1416 2156 1476 between
2189 1416 2250 1476 the
2283 1413 2349 1473 two
2390 1412 2583 1472 woodcuts
2609 1412 2689 1472 b-f,
2716 1412 2836 1472 sheets
2869 1404 2889 1464 7
2922 1407 2989 1467 and
3023 1404 3042 1464 8
3076 1403 3302 1463 unlettered.

1851 1464 1946 1524 Each
1973 1465 2082 1525 sheet
2103 1467 2130 1527 is
2157 1464 2300 1524 printed
2328 1464 2403 1524 from
2443 1464 2457 1524 a
2484 1460 2587 1520 block
2614 1460 2655 1520 of
2676 1460 2791 1520 about
2811 1452 2873 1512 235
2894 1456 2914 1516 x
2934 1456 2996 1516 356
3023 1455 3132 1515 mm.,
3152 1452 3296 1512 divided

1850 1516 1923 1576 into
1958 1515 2031 1575 two
2065 1512 2366 1572 compartments
2399 1512 2439 1572 of
2466 1512 2486 1572 a
2526 1512 2633 1572 width
2666 1509 2714 1569 of
2740 1504 2808 1564 168
2841 1507 2941 1567 mm.
2961 1504 3068 1564 each,
3095 1500 3302 1560 connected

1858 1564 1893 1624 by
1928 1564 1985 1624 the
2020 1562 2126 1622 outer
2154 1561 2253 1621 lines
2282 1560 2402 1620 which
2430 1560 2586 1620 enclose
2614 1560 2628 1620 a
2663 1556 2769 1616 space
2805 1552 2840 1612 of
2875 1552 2911 1612 20
2946 1552 3045 1612 mm.
3059 1552 3172 1612 wide,
3193 1552 3299 1612 blank

1844 1612 1980 1672 except
2008 1612 2062 1672 for
2096 1611 2158 1671 the
2192 1609 2323 1669 letters
2357 1608 2472 1668 added
2514 1608 2548 1668 to
2582 1608 2685 1668 some
2719 1604 2759 1664 of
2787 1604 2849 1664 the
2883 1600 3033 1660 blocks.
3081 1600 3163 1660 The
3190 1596 3306 1656 lower

1855 1662 1942 1722 part
1958 1660 1997 1720 of
2022 1660 2100 1720 each
2132 1658 2409 1718 compartment
2433 1656 2607 1716 contains
2631 1656 2639 1716 a
2671 1654 2813 1714 picture
2837 1648 3059 1708 illustrating
3082 1645 3145 1705 the
3170 1648 3304 1708 virtues

1854 1709 1889 1769 of
1904 1711 1961 1771 the
1983 1712 2091 1772 hymn
2120 1708 2220 1768 Salve
2249 1708 2414 1768 Regina,
2428 1708 2493 1768 and
2515 1704 2572 1764 the
2594 1704 2832 1764 compassion
2853 1701 2889 1761 of
2903 1700 2961 1760 the
2982 1696 3133 1756 Blessed
3162 1696 3312 1756 Virgin;

1850 1758 1974 1818 above
1995 1756 2065 1816 this
2085 1759 2140 1819 are
2161 1756 2230 1816 two
2250 1756 2279 1816 to
2306 1756 2382 1816 four
2403 1756 2493 1816 lines
2514 1756 2548 1816 of
2562 1754 2804 1814 explanatory
2824 1748 2915 1808 text.
2942 1748 3052 1808 Below
3087 1745 3143 1805 the
3163 1744 3301 1804 picture

1849 1808 1886 1868 on
1917 1807 1979 1867 15b
2004 1805 2035 1865 is
2053 1808 2109 1868 the
2140 1808 2357 1868 inscription
2388 1804 2400 1864 :
2419 1804 2580 1864 lienhart
2598 1803 2636 1863 .'.
2655 1798 2710 1858 czy
2735 1796 2747 1856 :
2766 1800 3020 1860 regenspurck
3045 1800 3082 1860 ..

1915 1888 1992 1948 278
2024 1890 2040 1950 x
2071 1885 2148 1945 197
2188 1888 2305 1948 mm.
2367 1884 2461 1944 The
2500 1888 2655 1948 sheets
2687 1882 2796 1942 have
2836 1880 2945 1940 been
2991 1876 3163 1936 divided
3218 1880 3303 1940 and

1856 1952 2063 2012 mounted
2104 1948 2146 2008 on
2188 1948 2345 2008 hinges
2370 1948 2412 2008 so
2445 1948 2494 2008 as
2528 1947 2561 2007 to
2603 1947 2744 2007 admit
2768 1943 2811 2003 of
2844 1940 2960 2000 their
2993 1940 3117 2000 being
3159 1938 3300 1998 folded

1856 2009 1936 2069 and
1976 2012 2121 2072 bound
2161 2008 2354 2068 without
2386 2008 2539 2068 hiding
2579 2008 2660 2068 any
2700 2004 2805 2064 part
2829 2000 2877 2060 of
2909 2000 2982 2060 the
3022 1998 3223 2058 lettering
3263 1996 3303 2056 in

1854 2068 1927 2128 the
1971 2072 2139 2132 middle
2176 2068 2337 2128 space.
2396 2068 2491 2128 The
2527 2066 2725 2126 pictures
2768 2062 2842 2122 are
2878 2060 3120 2120 coloured.
3179 2056 3288 2116 From

1861 2132 1930 2192 the
1964 2129 2145 2189 Weigel
2165 2128 2434 2188 collection.

3164 2192 3255 2252 IB.
3274 2193 3320 2253 I.

1918 2208 2110 2268 Bought
2132 2208 2170 2268 in
2209 2207 2347 2267 June,
2377 2204 2514 2264 1872.

1860 2344 2257 2404 SPECULUM
2323 2344 2711 2404 HUMANAE
2754 2332 3313 2392 SALVATIONIS.

2394 2421 2513 2481 The
2549 2420 2953 2480 Netherlands,
2980 2418 3035 2478 n.
3063 2416 3109 2476 a.
3136 2420 3319 2480 1474.)

1924 2516 2009 2576 For
2036 2516 2053 2576 a
2078 2516 2352 2576 description
2395 2512 2447 2572 of
2472 2508 2540 2568 the
2584 2508 2738 2568 second
2780 2507 2909 2567 Latin
2952 2504 3115 2564 edition
3166 2504 3209 2564 of
3243 2504 3311 2564 the

1867 2576 2129 2636 Speculum,
2153 2576 2184 2636 in
2216 2572 2351 2632 which
2391 2571 2462 2631 the
2501 2568 2597 2628 text
2628 2568 2677 2628 of
2700 2568 2867 2628 twenty
2898 2564 3033 2624 pages
3066 2564 3097 2624 is
3136 2560 3303 2620 printed

1864 2636 1945 2696 from
2003 2633 2184 2693 blocks,
2208 2628 2273 2688 see
2315 2632 2438 2692 below
2487 2632 2626 2692 under
2660 2628 2946 2688 HOLLAND,
2971 2624 3143 2684 Printer
3168 2624 3209 2684 of
3242 2624 3307 2684 the

1865 2692 2131 2752 Speculum.

1863 3256 1942 3316 has
1974 3260 1990 3320 a
2022 3256 2117 3316 long
2157 3256 2324 3316 flowing
2363 3253 2467 3313 robe
2506 3252 2602 3312 with
2649 3248 2816 3308 sleeves
2847 3248 2975 3308 tight
3006 3248 3055 3308 at
3078 3246 3149 3306 the
3189 3244 3324 3304 wrist,

1873 3320 1945 3380 and
1981 3320 2112 3380 boots
2140 3314 2256 3374 laced
2292 3316 2343 3376 at
2365 3312 2437 3372 the
2466 3312 2581 3372 side.

1934 3412 1961 3472 A
2007 3408 2099 3468 very
2135 3411 2246 3471 early
2283 3408 2513 3468 woodcut,
2522 3408 2604 3468 and
2633 3404 2843 3464 certainly
2881 3403 2944 3463 the
2982 3400 3156 3460 earliest
3184 3400 3221 3460 in
3248 3394 3321 3454 the

1872 3472 2029 3532 British
2079 3472 2311 3532 Museum.
2369 3464 2543 3524 Printed
2584 3464 2617 3524 in
2650 3464 2799 3524 strong
2832 3464 2957 3524 black
2990 3460 3089 3520 ink.
3147 3456 3320 3516 Water¬

1867 3536 1987 3596 mark
2016 3536 2032 3596 :
2061 3532 2187 3592 bull's
2218 3532 2322 3592 head
2359 3528 2441 3588 and
2478 3525 2649 3585 flower.

1942 3628 2019 3688 400
2047 3628 2066 3688 x
2095 3624 2172 3684 281
2220 3624 2335 3684 mm.
2383 3623 2479 3683 One
2527 3620 2575 3680 of
2613 3617 2699 3677 two
2748 3616 2891 3676 copies
2929 3614 3055 3674 taken
3102 3612 3198 3672 from
3256 3608 3322 3668 the

1871 3688 2052 3748 binding
2110 3687 2158 3747 of
2197 3684 2216 3744 a
2263 3683 2368 3743 copy
2417 3680 2464 3740 of
2503 3680 2579 3740 the
2628 3680 2752 3740 Vitae
2810 3672 3058 3732 Sanctorum
3145 3671 3297 3731 Patrum

1881 3747 2051 3807 printed
2095 3744 2149 3804 by
2203 3744 2354 3804 Anton
2400 3737 2668 3797 Koberger,
2695 3736 2998 3796 Nuremberg,
3034 3728 3168 3788 1478.
3231 3728 3320 3788 The

1873 3806 2004 3866 other
2031 3807 2144 3867 copy
2171 3804 2265 3864 was
2284 3801 2554 3861 transferred
2591 3800 2628 3860 to
2665 3798 2731 3858 the
2768 3795 3066 3855 Department
3095 3786 3151 3846 of
3179 3784 3319 3844 Prints

1878 3865 1957 3925 and
2000 3868 2264 3928 Drawings,
2291 3864 2379 3924 from
2449 3860 2590 3920 whose
2634 3858 2880 3918 Catalogue
2925 3849 2968 3909 of
3003 3848 3188 3908 German
3233 3848 3311 3908 and

1882 3928 2065 3988 Flemish
2130 3924 2414 3984 Woodcuts,
2441 3924 2478 3984 i.
2524 3923 2597 3983 50,
2635 3920 2708 3980 the
2763 3913 2901 3973 above
2956 3908 3232 3968 description
3287 3906 3323 3966 is

1874 3988 2149 4048 excerpted.

3147 4064 3238 4124 IC.
3260 4072 3339 4132 33.

1933 4082 2124 4142 Bought
2147 4084 2179 4144 in
2219 4080 2353 4140 1852.

2460 4244 2743 4304 Kalender
2805 4236 2941 4296 oder
3003 4232 3171 4292 Tafel
3222 4231 3317 4291 der

1876 4255 2360 4315 KALENDER.

1952 4330 2363 4390 sonntäglichen
2406 4324 2743 4384 Buchstaben
2785 4319 2881 4379 von
2912 4315 3039 4375 1478
3081 4316 3133 4376 zu
3175 4312 3335 4372 1496.

2789 4399 3122 4459 [Germany,
3132 4392 3153 4452 1
3173 4392 3326 4452 1478.

1957 4509 2033 4569 On
2062 4512 2083 4572 a
2111 4508 2247 4568 broad
2285 4504 2411 4564 scroll
2440 4502 2478 4562 at
2499 4497 2575 4557 the
2604 4496 2721 4556 foot,
2740 4496 2769 4556 in
2798 4496 2866 4556 the
2894 4488 3040 4548 centre
3069 4488 3108 4548 of
3137 4488 3263 4548 which
3291 4485 3330 4545 is

1875 4572 1906 4632 a
1937 4572 2114 4632 circle:!
2145 4568 2186 4628 In
2229 4568 2343 4628 diser
2363 4560 2468 4620 tafel
2488 4560 2645 4620 findest
2676 4556 2717 4616 du
2748 4552 2822 4612 den
2853 4552 3165 4612 sonntägliche
3196 4548 3332 4608 buch¬

1883 4631 2007 4691 stabe
2085 4628 2172 4688 ynd
2202 4628 2269 4688 die
2298 4624 2443 4684 guldin
2481 4620 2559 4680 zal
2578 4616 2665 4676 das
2714 4616 2936 4676 schaltiar
2955 4610 3033 4670 wie
3062 4608 3129 4668 vil
3148 4608 3313 4668 wochen

1917 4692 2192 4752 dazwischen
2238 4687 2292 4747 ist
2314 4684 2392 4744 vnd
2425 4680 2491 4740 die
2524 4675 2713 4735 vbrigen
2746 4676 2844 4736 tag.
2867 4675 2955 4735 [On
2988 4672 2999 4732 a
3033 4668 3165 4728 scroll
3188 4668 3232 4728 at
3254 4668 3319 4728 the

350 3276 596 3336 ARBOR
660 3276 982 3336 DUORUM
1068 3276 1679 3336 MANDATORUM.

422 3357 627 3417 diagram
693 3360 730 3420 in
776 3358 851 3418 the
897 3358 1000 3418 form
1066 3356 1121 3416 of
1158 3356 1178 3416 a
1215 3352 1318 3412 tree
1355 3352 1672 3412 illustrating
1710 3347 1793 3407 the

419 3440 780 3500 subdivisions
820 3439 861 3499 in
919 3439 1000 3499 the
1050 3436 1345 3496 exposition
1394 3432 1452 3492 of
1492 3432 1575 3492 the
1615 3432 1795 3492 saying

421 3517 472 3577 of
507 3519 690 3579 Christ
716 3519 959 3579 reported
1003 3520 1038 3580 in
1090 3519 1334 3579 Matthew
1385 3516 1516 3576 xxii.
1543 3512 1742 3572 37-40.

1175 3596 1501 3656 [Germany,
1530 3593 1576 3653 c.
1605 3592 1782 3652 1480?

410 3696 586 3756 Diliges
618 3699 834 3759 dominum
895 3696 1002 3756 deum
1065 3696 1165 3756 tuum
1256 3692 1326 3752 Ex
1364 3688 1449 3748 toto
1487 3688 1619 3748 corde
1650 3688 1719 3748 tuo
1757 3684 1796 3744 ex

354 3752 438 3812 tota
487 3756 544 3816 aia
586 3756 656 3816 tua
691 3756 755 3816 ic.
853 3756 917 3816 Et
945 3752 1135 3812 pximum
1191 3752 1297 3812 tuum
1353 3752 1473 3812 sicut
1501 3748 1543 3808 te
1585 3748 1698 3808 ipm.
1755 3744 1797 3804 In

359 3812 439 3872 hijs
496 3816 738 3876 Mandatis
762 3816 939 3876 duobus
963 3816 1052 3876 tota
1084 3814 1149 3874 lex
1189 3812 1359 3872 pendet
1423 3810 1472 3870 &
1488 3808 1641 3868 pphete
1714 3807 1810 3867 Hoc

360 3872 522 3932 Thema
557 3876 626 3936 di-
652 3876 771 3936 uidit
797 3873 832 3933 in
866 3869 909 3929 38
934 3869 1012 3929 p.

404 3955 508 4015 Open
536 3960 640 4020 folio.
688 3957 758 4017 375
772 3961 786 4021 x
814 3962 876 4022 245
904 3964 1001 4024 mm.
1050 3960 1202 4020 Printed
1231 3960 1307 4020 with
1342 3957 1460 4017 brown
1487 3956 1550 4016 ink
1578 3956 1619 4016 on
1648 3956 1710 4016 one
1738 3956 1814 4016 side

360 4007 439 4067 only
471 4009 511 4069 by
535 4012 718 4072 rubbing.

416 4095 495 4155 417
516 4096 537 4156 X
566 4100 638 4160 290
681 4102 803 4162 mm.
860 4100 1075 4160 Coloured
1118 4099 1147 4159 in
1190 4096 1348 4156 green,
1369 4100 1506 4160 drab,
1520 4092 1706 4152 yellow,
1721 4092 1799 4152 and

1634 4155 1727 4215 IC.
1745 4152 1829 4212 31.

353 4159 579 4219 crimson.

364 4286 569 4346 JESUS
622 4288 1065 4348 CHRISTUS.
1116 4291 1333 4351 [Christ
1353 4284 1538 4344 before
1580 4284 1796 4344 Herod.

861 4372 1180 4432 Germany,
1209 4368 1345 4428 early
1384 4364 1500 4424 15th
1539 4364 1791 4424 century.

423 4462 645 4522 Woodcut
676 4464 722 4524 of
753 4464 922 4524 Christ,
938 4460 1029 4520 with
1068 4463 1084 4523 a
1114 4463 1330 4523 cruciform
1375 4456 1576 4516 nimbus,
1591 4456 1822 4516 standing,

356 4520 664 4580 accompanied
711 4520 766 4580 by
814 4524 827 4584 a
876 4521 1026 4581 gaoler
1067 4520 1149 4580 and
1190 4520 1285 4580 nine
1327 4516 1519 4576 soldiers
1559 4516 1593 4576 in
1642 4513 1819 4573 conical

364 4580 572 4640 helmets,
585 4580 731 4640 before
765 4580 939 4640 Herod,
960 4581 1043 4641 who
1078 4580 1154 4640 sits
1188 4580 1251 4640 (on
1286 4580 1354 4640 the
1390 4576 1645 4636 spectator's
1674 4576 1791 4636 right

360 4636 412 4696 on
451 4640 470 4700 a
509 4640 575 4700 low
634 4642 935 4702 semicircular
974 4641 1157 4701 throne,
1178 4640 1355 4700 wearing
1407 4636 1420 4696 a
1465 4636 1603 4696 crown
1648 4636 1740 4696 with
1786 4632 1806 4692 a

365 4692 460 4752 high
497 4702 672 4762 centre,
694 4704 950 4764 resembling
1001 4703 1038 4763 in
1081 4703 1213 4763 shape
1256 4700 1271 4760 a
1323 4697 1534 4757 Phrygian
1579 4699 1680 4759 cap.
1739 4692 1812 4752 He
