4092 5721
292 557 424 617 though
454 552 483 612 in
512 552 666 612 thirteen
695 551 805 611 cases
827 548 988 608 without
1003 548 1076 608 any
1098 548 1282 608 shading,
1296 544 1369 604 and
1391 544 1428 604 in
1450 544 1560 604 three
1581 541 1619 601 of
1648 544 1750 604 these

285 604 362 664 with
399 603 476 663 only
505 600 641 660 double
662 600 754 660 lines
783 599 926 659 instead
954 596 989 656 of
1012 592 1154 652 treble.
1189 594 1268 654 The
1289 592 1410 652 words
1439 592 1524 652 Ars
1546 592 1737 652 Moriendi

298 655 338 715 on
365 655 420 715 the
447 652 529 712 first
549 648 638 708 page
665 648 707 708 of
734 648 809 708 text
829 648 883 708 are
911 644 1074 704 inserted
1108 644 1143 704 in
1170 644 1184 704 a
1211 644 1320 704 blank
1354 640 1457 700 place
1484 640 1552 700 left
1566 640 1627 700 for
1654 640 1736 700 them

300 704 328 764 in
355 704 411 764 the
439 699 577 759 shaded
605 696 722 756 upper
743 696 903 756 border.
951 688 1021 748 2b:
1049 692 1083 752 30
1110 692 1208 752 lines
1228 690 1271 750 of
1284 688 1360 748 text
1381 691 1409 751 in
1437 688 1603 748 addition
1637 688 1665 748 to
1693 689 1748 749 the

303 752 465 812 headline
493 748 521 808 in
556 744 613 804 the
641 744 789 804 frame;
810 744 1049 804 dimensions
1077 740 1120 800 of
1141 740 1197 800 the
1225 740 1366 800 frame,
1380 736 1479 796 220X
1507 740 1571 800 162
1592 738 1712 798 mm.;

303 799 369 859 7a:
399 800 435 860 28
464 797 552 857 lines
574 796 618 856 of
633 796 735 856 text;
764 792 1006 852 dimensions
1028 792 1065 852 of
1079 792 1218 852 frame,
1241 789 1335 849 220X
1365 790 1423 850 159
1446 788 1540 848 mm.

350 877 439 937 This
465 880 497 940 is
523 879 593 939 one
626 878 671 938 of
690 880 748 940 the
780 876 876 936 later
909 876 1178 936 impressions,
1198 876 1340 936 printed
1372 875 1404 935 in
1436 872 1455 932 a
1487 872 1609 932 press,
1629 872 1667 932 of
1693 872 1750 932 the

305 932 409 992 group
435 928 632 988 registered
665 925 704 985 by
730 928 933 988 Schreiber
953 924 1019 984 (iv.
1032 924 1117 984 261)
1137 924 1169 984 as
1202 924 1241 984 le
1261 924 1398 984 groupe
1424 920 1726 980 haut-allemand

300 980 396 1040 IVA,
408 980 478 1040 and
510 976 778 1036 conjecturally
803 976 1000 1036 attributed
1032 976 1063 1036 to
1096 972 1319 1032 Augsburg.

372 1068 444 1128 303
463 1068 481 1128 x
517 1068 590 1128 215
626 1068 735 1128 mm.
780 1064 988 1124 Wanting
1026 1064 1088 1124 the
1116 1064 1197 1124 last
1215 1064 1324 1124 leaf,
1343 1060 1470 1120 which
1497 1060 1533 1120 is
1552 1060 1750 1120 supplied

300 1133 331 1193 in
369 1132 575 1192 facsimile
613 1128 659 1188 by
697 1128 888 1188 Harris.

1587 1225 1667 1285 IB.
1685 1226 1765 1286 23.

364 1234 551 1294 Bought
573 1232 610 1292 in
639 1232 901 1292 February,
923 1228 1057 1288 1846.

300 1376 435 1436 ARS
512 1372 953 1432 MORIENDI.
1030 1368 1270 1428 German
1308 1368 1442 1428 text.

725 1452 1009 1512 [Germany
1046 1448 1092 1508 :]
1120 1450 1275 1510 Hans
1313 1448 1579 1508 Spoerer,
1607 1452 1764 1512 1473.

384 1560 580 1620 Wiewol
602 1560 708 1620 nach
746 1560 828 1620 der
851 1560 934 1620 lere
964 1560 1040 1620 des
1078 1556 1319 1616 naturliche
1357 1552 1530 1612 maister
1560 1552 1614 1612 an
1659 1552 1734 1612 dem

301 1624 385 1684 drit
416 1624 454 1684 te
485 1620 594 1680 bch
632 1620 710 1680 der
733 1616 864 1676 gtten
887 1616 987 1676 sitten
1010 1620 1110 1680 aller
1134 1616 1504 1676 erschrokelichen
1520 1616 1651 1676 dinge
1682 1612 1759 1672 der

303 1684 369 1744 tod
450 1680 530 1740 des
559 1676 662 1736 libes
699 1680 758 1740 ist
780 1679 831 1739 d3
853 1679 1235 1739 erschrokelichst
1264 1676 1374 1736 doch
1418 1676 1455 1736 so
1499 1676 1558 1736 ist
1579 1674 1624 1734 er
1661 1672 1733 1732 dem

309 1740 378 1800 tod
426 1740 503 1800 der
535 1736 621 1796 sele
723 1736 761 1796 in
801 1739 934 1799 kaine
973 1736 1059 1796 weg
1106 1736 1317 1796 zegeliche
1363 1736 1411 1796 dz
1450 1736 1614 1796 bezgt
1645 1732 1762 1792 Sant

304 1802 490 1862 augusti
532 1796 717 1856 spreche
759 1800 802 1860 de
852 1800 902 1860 In
954 1798 1164 1858 uerliesen
1215 1796 1341 1856 ainer
1383 1796 1468 1856 sele
1510 1794 1577 1854 ist
1620 1792 1764 1852 merei

309 1860 465 1920 schade
512 1860 597 1920 wan
652 1860 807 1920 tusent
901 1860 1050 1920 lichn
1081 1860 1166 1920 ...
1221 1856 1362 1916 END.
1377 1856 1432 1916 ..
1455 1856 1470 1916 .
1494 1854 1619 1914 Aber
1650 1852 1696 1912 es

307 1920 393 1980 sind
422 1917 559 1977 laider
587 1916 717 1976 wenig
760 1918 818 1978 die
846 1919 933 1979 iren
969 1919 1178 1979 nchsten
1214 1916 1243 1976 in
1278 1916 1545 1976 sterbenden
1574 1913 1696 1973 nten

308 1978 455 2038 wellen
495 1980 548 2040 by
589 1976 735 2036 gesain
782 1980 855 2040 dar
889 1976 935 2036 vm
995 1980 1155 2040 mange
1196 1976 1483 2036 selellendich
1523 1976 1623 2036 wirt
1656 1973 1729 2033 ver

306 2036 446 2096 sumet
487 2040 564 2100 dar
607 2039 683 2099 vor
719 2039 795 2099 vns
837 2036 920 2096 got
949 2040 1033 2100 der
1068 2036 1326 2096 allmechtig
1375 2036 1494 2096 welle
1542 2032 1759 2092 behutten

368 2100 511 2160 Amen
614 2100 766 2160 hanns
797 2100 948 2160 sporer
988 2100 1068 2160 hat
1099 2100 1195 2160 diss
1227 2100 1370 2160 puch.
1433 2102 1568 2162 1473.
1624 2096 1768 2156 pruft

310 2160 456 2220 moler

358 2248 476 2308 Folio.
527 2248 673 2308 Printed
711 2248 791 2308 with
813 2248 901 2308 dark
930 2248 1055 2308 brown
1085 2248 1143 2308 ink
1172 2244 1210 2304 on
1239 2244 1313 2304 one
1342 2244 1423 2304 side
1452 2244 1562 2304 only.
1613 2240 1672 2300 Of
1694 2240 1774 2300 this

309 2296 444 2356 edition
493 2296 550 2356 the
599 2295 685 2355 only
729 2296 858 2356 known
913 2296 1006 2356 copy
1049 2292 1080 2352 is
1123 2293 1167 2353 at
1210 2292 1272 2352 the
1321 2288 1771 2348 Rathschulbibliothek,

309 2344 495 2404 Zwickau,
512 2344 581 2404 and
611 2344 669 2404 the
698 2344 820 2404 above
849 2341 1012 2401 extracts
1042 2344 1111 2404 from
1157 2344 1222 2404 the
1257 2344 1460 2404 beginning
1495 2340 1565 2400 and
1600 2340 1658 2400 the
1693 2340 1762 2400 end

311 2392 402 2452 have
427 2396 551 2456 kindly
583 2396 667 2456 been
700 2392 868 2452 supplied
900 2392 939 2452 by
965 2392 1023 2452 the
1049 2392 1249 2452 librarian.

375 2480 624 2540 Fragment
665 2483 714 2543 of
756 2484 847 2544 leaf
881 2484 955 2544 18.
1014 2480 1129 2540 From
1188 2484 1262 2544 the
1312 2480 1486 2540 Weigel
1527 2480 1759 2540 collection

325 2544 431 2604 (No.
449 2548 583 2608 234).

369 2640 548 2700 Bought
583 2640 609 2700 in
642 2640 788 2700 June,
806 2640 943 2700 1872.

1134 2779 1467 2839 [Germany,
1485 2776 1543 2836 c.
1571 2779 1770 2839 1475?)

311 2780 565 2840 Another
590 2780 827 2840 edition.

362 2866 526 2926 Octavo.
566 2870 628 2930 Ja
730 2872 765 2932 14
792 2868 942 2928 leaves,
956 2868 1011 2928 the
1038 2867 1119 2927 first
1141 2866 1277 2926 blank,
1291 2864 1434 2924 printed
1468 2864 1544 2924 with
1577 2860 1680 2920 black
1707 2860 1762 2920 ink

312 2916 353 2976 on
389 2918 472 2978 both
508 2920 609 2980 sides
638 2917 679 2977 of
709 2920 769 2980 the
804 2916 940 2976 paper,
964 2916 1017 2976 the
1053 2915 1196 2975 frames
1225 2912 1361 2972 formed
1403 2912 1450 2972 by
1486 2912 1498 2972 a
1533 2912 1652 2972 single
1681 2912 1776 2972 line.

320 2957 354 3017 52
372 2963 383 3023 :
406 2966 441 3026 19
470 2967 557 3027 lines
580 2966 621 3026 of
638 2968 743 3028 text;
766 2964 997 3024 dimensions
1021 2964 1062 3024 of
1085 2964 1223 3024 frame,
1236 2964 1276 3024 99
1293 2964 1311 3024 x
1334 2964 1374 3024 78
1397 2961 1490 3021 mm.
1531 2960 1768 3020 Schreiber's

318 3016 448 3076 edition
473 3016 558 3076 XII
578 3019 649 3079 (iv.
668 3018 779 3078 266),
792 3016 954 3076 planche
979 3016 1052 3076 cix.

376 3101 450 3161 125
472 3104 487 3164 x
518 3104 570 3164 85
599 3108 712 3168 mm.
778 3104 951 3164 Leaves
981 3104 996 3164 5
1025 3104 1100 3164 and
1138 3101 1175 3161 10
1204 3104 1331 3164 only,
1346 3100 1534 3160 forming
1563 3100 1772 3160 together

326 3164 341 3224 a
372 3165 551 3225 quarter
575 3168 723 3228 sheet.
785 3166 894 3226 From
949 3164 1018 3224 the
1050 3156 1230 3216 Weigel
1253 3164 1479 3224 collection
1517 3160 1627 3220 (No.
1650 3156 1759 3216 238)

387 3257 569 3317 Bought
594 3260 620 3320 in
661 3260 794 3320 June,
818 3260 952 3320 1872.

1572 3256 1673 3316 IA.
1701 3256 1756 3316 24

317 3396 450 3456 ARS
527 3404 966 3464 MORIENDI.
1033 3400 1062 3460 A
1119 3397 1529 3457 compendium,
1558 3396 1597 3456 in
1635 3392 1779 3452 Ger

387 3481 544 3541 man.

1172 3480 1497 3540 [Germany,
1519 3480 1569 3540 c.
1600 3480 1753 3540 1475.

381 3576 562 3636 BEGIN.
585 3577 691 3637 leaf
722 3580 759 3640 1,
774 3580 918 3640 centre
940 3576 1296 3636 compartment,
1311 3576 1448 3636 figure
1470 3572 1545 3632 a:
1576 3572 1659 3632 piss
1690 3572 1780 3632 uest

318 3632 479 3692 seliger
499 3637 672 3697 mensch
706 3640 726 3700 i
746 3636 826 3696 not
913 3636 987 3696 vmn
1020 3636 1147 3696 crist?
1174 3636 1314 3696 leiden
1361 3636 1441 3696 sein
1481 3632 1635 3692 pittern
1682 3632 1782 3692 dot.

321 3692 455 3752 END.
492 3694 589 3754 leaf
603 3699 649 3759 2,
663 3696 790 3756 lower
820 3696 1171 3756 compartment,
1185 3696 1319 3756 figure
1349 3693 1416 3753 3:
1438 3693 1543 3753 Mag
1581 3692 1610 3752 im
1662 3692 1781 3752 recht

325 3755 563 3815 geschehen
598 3756 659 3816 die
734 3756 823 3816 sele
858 3760 926 3820 sal
954 3756 1029 3816 mir
1056 3757 1124 3817 nit
1145 3756 1363 3816 entgenn.

370 3834 495 3894 Folio.
523 3836 613 3896 Two
634 3836 779 3896 leaves,
800 3840 938 3900 printed
973 3836 1049 3896 with
1077 3836 1181 3896 black
1215 3836 1271 3896 ink
1299 3836 1340 3896 on
1368 3836 1438 3896 one
1465 3836 1542 3896 side
1562 3836 1667 3896 only.
1701 3832 1777 3892 The

325 3882 404 3942 first
427 3884 512 3944 page
547 3884 575 3944 is
597 3888 746 3948 divided
785 3884 825 3944 by
854 3888 945 3948 lines
979 3888 1053 3948 into
1081 3884 1183 3944 three
1211 3884 1535 3944 compartments,
1552 3884 1609 3944 the
1643 3883 1774 3943 second

316 3930 393 3990 into
417 3933 512 3993 two;
542 3933 625 3993 each
655 3936 685 3996 is
708 3936 892 3996 bordered
922 3936 964 3996 by
994 3936 1006 3996 a
1029 3936 1148 3996 single
1172 3932 1267 3992 line.
1321 3932 1386 3992 12:
1409 3932 1511 3992 264X
1540 3932 1754 3992 189mm.;-

323 3980 360 4040 24
378 3980 391 4040 :
415 3982 483 4042 258
502 3981 514 4041 x
545 3983 607 4043 188
625 3984 724 4044 mm.
774 3984 811 4044 12
841 3984 1008 4044 contains
1039 3984 1224 4044 thirteen,
1244 3983 1281 4043 28
1311 3980 1367 4040 ten
1397 3984 1558 4044 figures,
1577 3980 1664 4040 each
1700 3978 1780 4038 dis-

320 4030 529 4090 tinguished
558 4032 599 4092 by
628 4032 639 4092 a
668 4034 779 4094 letter
803 4033 837 4093 of
861 4036 925 4096 the
954 4032 1134 4092 alphabet
1157 4032 1221 4092 and
1262 4032 1291 4092 in
1326 4028 1523 4088 proximity
1553 4028 1588 4088 to
1622 4028 1634 4088 a
1669 4028 1785 4088 scroll

320 4077 504 4137 inscribed
534 4080 612 4140 with
641 4080 653 4140 a
683 4081 856 4141 rhyming
885 4081 1052 4141 couplet.
1100 4080 1177 4140 The
1207 4080 1344 4140 figures
1367 4080 1403 4140 on
1439 4076 1475 4136 1a
1498 4076 1588 4136 show
1623 4076 1641 4136 a
1665 4077 1778 4137 dying

320 4124 400 4184 man
443 4128 522 4188 with
560 4128 612 4188 his
650 4128 719 4188 two
756 4132 900 4192 mortal
921 4128 1166 4188 attendants,
1192 4128 1261 4188 five
1304 4128 1437 4188 angels
1474 4124 1543 4184 and
1586 4124 1628 4184 as
1665 4124 1777 4184 many

320 4172 438 4232 devils
456 4176 474 4236 ;
497 4176 598 4236 those
628 4176 663 4236 on
693 4178 753 4238 22,
776 4180 900 4240 Christ
918 4180 948 4240 in
978 4180 1209 4240 Judgement
1232 4176 1404 4236 attended
1440 4176 1481 4236 by
1511 4176 1564 4236 the
1594 4176 1724 4236 angels
1748 4176 1783 4236 of

322 4220 438 4280 Grace
467 4224 531 4284 and
566 4228 723 4288 Justice,
746 4224 897 4284 Mother
926 4228 1072 4288 Church
1101 4228 1275 4288 standing
1310 4224 1473 4284 between
1508 4224 1525 4284 a
1560 4224 1671 4284 saved
1705 4224 1786 4284 soul

326 4270 391 4330 and
420 4272 432 4332 a
462 4272 646 4332 damned,
664 4276 675 4336 a
711 4276 800 4336 soul
824 4276 853 4336 in
882 4276 1019 4336 prayer
1055 4276 1179 4336 before
1209 4276 1297 4336 her,
1315 4272 1440 4332 finally
1469 4272 1535 4332 the
1564 4272 1789 4332 Archangel

329 4320 499 4380 Michael
519 4326 703 4386 weighing
729 4326 742 4386 a
769 4324 854 4384 soul
874 4328 900 4388 in
926 4328 985 4388 the
1018 4324 1188 4384 presence
1222 4324 1261 4384 of
1280 4324 1314 4384 an
1346 4324 1464 4384 angel
1484 4320 1550 4380 and
1576 4320 1589 4380 a
1622 4320 1741 4380 devil.

393 4403 468 4463 271
490 4407 505 4467 X
544 4408 619 4468 192
649 4408 763 4468 mm.
823 4408 1064 4468 Described
1110 4408 1163 4468 by
1208 4404 1465 4464 Schreiber,
1495 4404 1548 4464 ii.
1570 4406 1684 4466 249,
1706 4406 1789 4466 no.

337 4460 469 4520 1864,
508 4468 586 4528 and
640 4470 703 4530 iv.
742 4468 851 4528 313.
929 4468 1023 4528 The
1077 4468 1187 4528 copy
1233 4467 1272 4527 in
1327 4464 1397 4524 the
1459 4464 1779 4524 Bibliothque

328 4520 557 4580 Nationale
612 4524 647 4584 is
689 4530 1008 4590 accompanied
1064 4528 1120 4588 by
1168 4526 1355 4586 another
1404 4521 1495 4581 pair
1543 4521 1591 4581 of
1634 4524 1779 4584 leaves

330 4584 587 4644 illustrating
636 4585 774 4645 Death
816 4588 899 4648 and
941 4587 1239 4647 Judgement,
1268 4586 1350 4646 but
1379 4584 1476 4644 each
1517 4584 1608 4644 pair
1642 4584 1788 4644 seems

333 4642 551 4702 complete
581 4648 612 4708 in
634 4648 770 4708 itself.
830 4648 944 4708 From
989 4650 1057 4710 the
1087 4648 1268 4708 Weigel
1283 4644 1510 4704 collection
1540 4644 1654 4704 (No.
1669 4641 1790 4701 237).

393 4730 581 4790 Bought
603 4736 634 4796 in
676 4740 811 4800 June,
833 4740 968 4800 1872.

1605 4731 1701 4791 IB.
1718 4736 1795 4796 21.

1825 554 2072 614 BIBLIA
2162 548 2628 608 PAUPERUM.
2728 548 2936 608 Scenes
2985 544 3094 604 from
3184 543 3273 603 the

1887 634 2004 694 Life
2058 632 2122 692 of
2167 632 2357 692 Christ
2402 628 2520 688 with
2582 628 2691 688 Old
2745 627 3079 687 Testament
3125 624 3288 684 prae

1887 716 2210 776 figurations
2263 712 2370 772 and
2425 712 2783 772 prophecies,
2818 708 3015 768 known
3079 704 3132 764 as
3186 704 3275 764 the

1888 796 2060 856 Biblia
2127 792 2414 852 Pauperum
2500 792 2558 852 or
2625 788 2778 848 Bible
2845 788 2903 848 of
2959 788 3046 848 the
3113 784 3285 844 Poor.

1897 876 2044 936 Latin
2093 876 2231 936 text.

1902 956 2026 1016 The
2064 953 2438 1013 Netherlands
2467 952 2562 1012 and
2601 952 2917 1012 Germany,
2936 948 2984 1008 c.
3004 948 3271 1008 1460-70.

1881 1052 1998 1112 Leaf
2025 1052 2042 1112 A
2088 1052 2106 1112 :
2150 1052 2285 1112 Legit
2312 1048 2357 1108 in
2392 1048 2555 1108 genesi
2581 1048 2662 1108 .iij.
2680 1044 2779 1104 cap
2806 1044 2833 1104 q
2923 1044 3048 1104 dixit
3076 1043 3165 1103 ds
3193 1038 3292 1098 ser

1823 1116 1950 1176 penti
1977 1112 2104 1172 super
2167 1108 2276 1168 pect
2330 1108 2403 1168 tuu
2430 1108 2630 1168 gradiere
2657 1104 2702 1164 et
2729 1107 2874 1167 postel
2893 1104 2911 1164 a
2938 1102 3074 1162 ibidem
3128 1098 3281 1158 legitur

1819 1172 1870 1232 de
1915 1172 2086 1232 serpte
2190 1168 2235 1228 et
2265 1168 2450 1228 muliere
2481 1168 2496 1228 :
2518 1168 2592 1228 ipa
2629 1164 2778 1224 oteret
2874 1163 2986 1223 capd
3031 1162 3105 1222 tu
3158 1160 3202 1220 et
3239 1161 3276 1221 tu

1820 1232 2092 1292 insidiabere
2170 1228 2373 1288 calcaneo
2411 1228 2481 1288 ei
2497 1228 2512 1288 :
2567 1224 2629 1284 Na
2676 1224 2785 1284 istd'
2808 1224 2839 1284 in
2925 1224 3159 1284 anutiate
3205 1220 3275 1280 bte

1825 1296 1956 1356 marie
1987 1292 2133 1352 glse
2164 1292 2304 1352 virgis
2327 1288 2520 1348 adiplet
2559 1288 2644 1348 est.

1876 1373 2003 1433 Folio.
2045 1376 2094 1436 A,
2115 1372 2214 1432 b-v,
2228 1368 2341 1428 a-v2,
2362 1368 2419 1428 the
2454 1368 2582 1428 letters
2610 1368 2646 1428 in
2681 1368 2737 1428 the
2773 1364 2907 1424 second
2942 1364 3125 1424 alphabet
3153 1364 3288 1424 except

1817 1426 1865 1486 n,
1886 1428 1927 1488 o,
1949 1424 1990 1484 r,
2011 1424 2045 1484 s,
2066 1424 2177 1484 being
2219 1420 2350 1480 placed
2392 1417 2559 1477 between
2600 1416 2690 1476 dots
2718 1416 2801 1476 (.a.,
2828 1413 2891 1473 .b.,
2919 1412 3023 1472 &c.).
3071 1412 3113 1472 40
3147 1412 3293 1472 leaves,

1823 1475 2006 1535 arranged
2035 1472 2063 1532 in
2091 1472 2211 1532 single
2232 1468 2359 1528 sheets
2388 1468 2423 1528 of
2437 1468 2508 1528 two
2530 1466 2664 1526 leaves
2685 1464 2798 1524 each,
2812 1460 2953 1520 printed
2989 1460 3066 1520 with
3102 1456 3179 1516 very
3208 1459 3279 1519 thin

1824 1525 1909 1585 ink,
1931 1521 2074 1581 usually
2110 1520 2260 1580 brown,
2275 1518 2310 1578 on
2346 1516 2417 1576 one
2454 1516 2532 1576 side
2561 1516 2669 1576 only,
2690 1512 2783 1572 each
2818 1511 2933 1571 sheet
2962 1508 3177 1568 containing
3212 1505 3276 1565 two

1822 1572 2013 1632 woodcuts
2040 1570 2185 1630 printed
2219 1568 2294 1628 from
2335 1567 2349 1627 a
2383 1564 2520 1624 double
2547 1564 2643 1624 wood
2670 1561 2808 1621 block.
2855 1560 2938 1620 The
2972 1557 3081 1617 space
3115 1552 3286 1612 between

1825 1620 1885 1680 the
1912 1617 1979 1677 two
2005 1619 2199 1679 woodcuts
2219 1616 2252 1676 is
2272 1616 2493 1676 sometimes
2519 1612 2566 1672 no
2599 1612 2699 1672 more
2733 1610 2813 1670 than
2846 1608 3013 1668 one-fifth
3053 1606 3093 1666 of
3113 1605 3153 1665 an
3187 1604 3293 1664 inch,

1818 1668 1969 1728 making
1999 1668 2020 1728 it
2042 1668 2265 1728 impossible
2287 1666 2316 1726 to
2344 1664 2410 1724 fold
2446 1662 2511 1722 and
2539 1660 2627 1720 bind
2655 1660 2735 1720 them
2778 1656 2937 1716 without
2959 1656 3175 1716 concealing
3204 1652 3290 1712 part

1828 1718 1870 1778 of
1891 1719 1955 1779 the
1983 1716 2082 1776 text.
2145 1716 2223 1776 The
2258 1712 2336 1772 cuts
2357 1712 2435 1772 may
2463 1712 2547 1772 thus
2576 1708 2667 1768 have
2703 1708 2893 1768 originally
2921 1704 3013 1764 been
3041 1704 3218 1764 intended
3253 1701 3288 1761 to

1826 1765 1866 1825 be
1893 1768 2023 1828 pasted
2050 1764 2090 1824 on
2125 1764 2240 1824 walls,
2261 1764 2390 1824 rather
2411 1760 2499 1820 than
2526 1760 2642 1820 made
2669 1757 2717 1817 up
2751 1756 2825 1816 into
2853 1756 2995 1816 books.
3050 1752 3131 1812 For
3159 1752 3220 1812 use
3254 1752 3281 1812 in

1826 1816 2023 1876 book-form
2065 1813 2126 1873 the
2153 1812 2276 1872 sheets
2304 1812 2358 1872 are
2385 1808 2508 1868 folded
2535 1808 2604 1868 and
2631 1808 2761 1868 placed
2795 1804 2939 1864 singly.
3000 1799 3082 1859 The
3109 1800 3232 1860 centre
3259 1800 3293 1860 of

1831 1864 1911 1924 each
1948 1864 2123 1924 woodcut
2145 1860 2174 1920 is
2196 1860 2379 1920 occupied
2408 1857 2452 1917 by
2489 1858 2504 1918 a
2533 1856 2818 1916 compartment
2847 1852 3066 1912 containing
3103 1848 3117 1908 a
3146 1848 3285 1908 picture

1827 1912 1869 1972 of
1890 1916 1989 1976 some
2017 1912 2187 1972 incident
2208 1911 2258 1971 of,
2279 1908 2314 1968 or
2342 1908 2548 1968 connected
2583 1907 2682 1967 with,
2703 1904 2760 1964 the
2788 1903 2865 1963 Life
2894 1900 2937 1960 of
2965 1900 3092 1960 Christ
3120 1898 3184 1958 and
3219 1900 3290 1960 His

1831 1964 1964 2024 second
1997 1961 2164 2021 Advent.
2211 1958 2304 2018 This
2331 1956 2364 2016 is
2384 1956 2531 2016 flanked
2571 1956 2611 2016 on
2644 1956 2731 2016 each
2764 1952 2837 2012 side
2870 1951 2911 2011 by
2944 1948 2958 2008 a
2984 1944 3284 2004 representation

1833 2012 1878 2072 of
1900 2012 1937 2072 an
1967 2009 2034 2069 Old
2064 2008 2294 2068 Testament
2316 2008 2406 2068 type
2435 2004 2480 2064 or
2503 2004 2800 2064 praefiguration
2837 2000 2874 2060 of
2897 2000 2971 2060 this
3001 1996 3187 2056 incident,
3210 1996 3283 2056 with

1835 2056 1898 2116 two
1926 2060 2167 2120 half-figures
2189 2060 2231 2120 of
2245 2056 2421 2116 prophets
2450 2052 2564 2112 above
2592 2052 2662 2112 and
2691 2050 2754 2110 two
2782 2048 2910 2108 others
2931 2047 3073 2107 below.
3115 2044 3193 2104 The
3221 2044 3292 2104 Old

1837 2108 2063 2168 Testament
2078 2108 2183 2168 types
2206 2108 2259 2168 are
2282 2104 2478 2164 explained
2508 2100 2530 2160 in
2560 2100 2628 2160 two
2650 2102 2892 2162 paragraphs
2915 2096 2952 2156 of
2967 2096 3148 2156 woodcut
3163 2092 3292 2152 letter-

1824 2160 1930 2220 press
1954 2156 1979 2216 in
2012 2156 2070 2216 the
2094 2156 2217 2216 upper
2234 2153 2390 2213 corners
2406 2152 2447 2212 of
2471 2152 2529 2212 the
2554 2151 2709 2211 design,
2725 2148 2792 2208 and
2824 2148 2857 2208 to
2881 2148 2939 2208 the
2964 2144 3103 2204 figures
3136 2144 3169 2204 of
3193 2143 3283 2203 each

1835 2204 1870 2264 of
1891 2204 1948 2264 the
1976 2204 2159 2264 prophets
2180 2204 2279 2264 there
2307 2204 2336 2264 is
2357 2204 2371 2264 a
2399 2200 2498 2260 label
2519 2198 2689 2258 attached
2717 2196 2872 2256 bearing
2900 2196 2914 2256 a
2936 2192 3034 2252 text.
3077 2192 3232 2252 Averse
3260 2192 3295 2252 at

1833 2256 1889 2316 the
1917 2256 2002 2316 foot
2023 2255 2066 2315 of
2087 2252 2150 2312 the
2179 2252 2306 2312 design
2341 2250 2511 2310 explains
2539 2248 2602 2308 the
2638 2247 2786 2307 subject
2807 2244 2849 2304 of
2871 2244 2934 2304 the
2970 2241 3118 2301 central
3139 2240 3301 2300 picture.

1837 2300 1910 2360 The
1939 2304 2048 2364 letter
2070 2300 2238 2360 marking
2268 2301 2326 2361 the
2348 2300 2450 2360 place
2479 2300 2515 2360 of
2537 2296 2596 2356 the
2625 2295 2800 2355 woodcut
2822 2292 2851 2352 in
2874 2292 2939 2352 the
2961 2290 3078 2350 series
3100 2288 3129 2348 is
3158 2288 3289 2348 placed

1827 2352 1934 2412 below
1971 2352 2028 2412 the
2056 2354 2171 2414 upper
2193 2348 2480 2408 compartment
2495 2346 2711 2406 containing
2739 2344 2797 2404 the
2819 2340 3056 2400 half-figures
3070 2340 3106 2400 of
3127 2337 3193 2397 two
3221 2336 3301 2396 pro

1834 2404 1965 2464 phets.
1994 2400 2170 2460 Printed,
2185 2400 2251 2460 like
2273 2397 2331 2457 the
2352 2396 2463 2456 other
2485 2396 2580 2456 early
2602 2393 2857 2453 blockbooks,
2872 2392 2909 2452 by
2938 2388 3077 2448 placing
3107 2388 3165 2448 the
3187 2388 3296 2448 paper

1836 2452 1932 2512 upon
1954 2452 2014 2512 the
2043 2448 2155 2508 block
2192 2448 2258 2508 and
2287 2446 2443 2506 rubbing
2481 2444 2540 2504 the
2570 2444 2666 2504 back
2703 2440 2740 2500 of
2762 2440 2808 2500 it.
2852 2440 2911 2500 An
2940 2436 3096 2496 isolated
3126 2436 3281 2496 German

1827 2500 1967 2560 edition
1996 2496 2073 2556 with
2102 2496 2341 2556 manuscript
2362 2495 2441 2555 text
2455 2492 2490 2552 is
2511 2492 2695 2552 probably
2716 2488 2850 2548 earlier
2878 2488 2928 2548 (c.
2949 2487 3182 2547 1455-1460)
3203 2484 3288 2544 than

1827 2548 1899 2608 any
1920 2548 2064 2608 others,
2078 2548 2143 2608 but
2157 2545 2229 2605 from
2273 2546 2330 2606 the
2351 2543 2444 2603 style
2467 2540 2502 2600 of
2517 2540 2574 2600 the
2595 2540 2754 2600 designs
2768 2537 2825 2597 the
2854 2536 3005 2596 earliest
3020 2532 3149 2592 extant
3164 2532 3285 2592 copies

1833 2596 1911 2656 with
1940 2596 2119 2656 woodcut
2133 2596 2204 2656 text
2226 2596 2326 2656 must
2348 2592 2433 2652 have
2463 2591 2548 2651 been
2577 2588 2692 2648 made
2713 2588 2742 2648 in
2770 2585 2827 2645 the
2856 2584 3136 2644 Netherlands.
3164 2580 3285 2640 These

1590 2636 1677 2696 IB.
1692 2636 1772 2696 20.
1830 2644 1896 2704 are
1917 2644 2078 2704 grouped
2107 2644 2151 2704 by
2180 2644 2384 2704 Schreiber
2406 2640 2515 2700 (tom.
2529 2637 2588 2697 iv)
2603 2636 2727 2696 under
2749 2634 2807 2694 ten
2836 2632 3018 2692 editions,
3040 2632 3076 2692 of
3090 2629 3207 2689 which
3244 2626 3287 2686 he

1834 2692 2017 2752 supposes
2046 2692 2152 2752 those
2194 2692 2229 2752 to
2265 2688 2385 2748 which
2420 2688 2463 2748 he
2498 2685 2604 2745 gives
2632 2684 2696 2744 the
2731 2680 2915 2740 numbers
2943 2680 2978 2740 I,
3007 2680 3077 2740 IV,
3113 2678 3184 2738 and
3226 2679 3305 2739 VI,

1830 2740 1867 2800 to
1903 2741 2000 2801 have
2030 2740 2118 2800 been
2163 2740 2297 2800 copied
2333 2736 2489 2796 directly
2519 2736 2601 2796 from
2645 2732 2690 2792 an
2726 2732 2890 2792 original
2919 2728 3053 2788 edition
3090 2728 3157 2788 now
3202 2728 3299 2788 lost.

1835 2792 1885 2852 Of
1913 2792 1977 2852 the
2013 2792 2071 2852 ten
2107 2788 2272 2848 editions
2314 2784 2515 2844 Schreiber
2543 2784 2694 2844 assigns
2722 2780 2787 2840 the
2822 2776 2980 2836 earliest
3008 2776 3044 2836 to
3073 2776 3188 2836 about
3223 2776 3287 2836 the

1835 2840 1927 2900 vear
1952 2840 2045 2900 1463
2070 2840 2129 2900 and
2164 2836 2222 2896 the
2247 2834 2365 2894 latest
2390 2836 2424 2896 to
2457 2833 2550 2893 1470
2584 2832 2626 2892 or
2652 2831 2769 2891 after,
2786 2826 2887 2886 these
2912 2826 3022 2886 dates
3055 2824 3165 2884 being
3190 2824 3266 2884 from

1831 2887 1970 2947 twenty
1992 2888 2021 2948 to
2050 2888 2138 2948 forty
2167 2884 2277 2944 years
2299 2884 2387 2944 later
2409 2883 2497 2943 than
2526 2880 2628 2940 those
2657 2876 2841 2936 proposed
2870 2874 2906 2934 by
2936 2872 3068 2932 earlier
3090 2872 3265 2932 investiga

1833 2937 1927 2997 tors.
1979 2937 2052 2997 The
2082 2936 2154 2996 title
2206 2932 2323 2992 Biblia
2352 2930 2615 2990 Pauperum,
2629 2928 2761 2988 though
2797 2924 2878 2984 used
2907 2924 2966 2984 for
2988 2921 3090 2981 other
3112 2920 3236 2980 works
3258 2917 3287 2977 in

1832 2984 1893 3044 the
1920 2985 2001 3045 15th
2029 2984 2199 3044 century,
2219 2982 2382 3042 appears
2403 2980 2430 3040 to
2457 2977 2552 3037 have
2586 2976 2674 3036 been
2708 2973 2898 3033 bestowed
2932 2972 2973 3032 on
3007 2972 3082 3032 this
3109 2968 3224 3028 series
3258 2972 3292 3032 of

1830 3035 1988 3095 designs
2009 3035 2088 3095 only
2116 3032 2153 3092 by
2181 3032 2325 3092 modern
2353 3028 2604 3088 antiquaries.
2641 3024 2698 3084 On
2726 3024 2783 3084 the
2813 3020 2913 3080 other
2934 3020 3035 3080 hand
3063 3017 3120 3077 the
3143 3017 3285 3077 scheme

1833 3080 1890 3140 for
1911 3084 1997 3144 such
2025 3084 2040 3144 a
2069 3082 2183 3142 series
2204 3080 2240 3140 of
2269 3080 2376 3140 types
2405 3077 2477 3137 and
2506 3076 2699 3136 antitypes
2735 3075 2763 3135 is
2792 3072 2827 3132 at
2849 3072 2949 3132 least
2971 3072 3006 3132 as
3035 3068 3136 3128 early
3164 3068 3200 3128 as
3228 3068 3285 3128 the

1844 3133 1920 3193 12th
1949 3132 2130 3192 century.

1883 3202 1927 3262 In
1956 3204 2016 3264 the
2045 3200 2179 3260 extant
2201 3200 2364 3260 editions
2394 3199 2542 3259 printed
2572 3196 2601 3256 in
2638 3196 2706 3256 the
2735 3195 2809 3255 Low
2846 3192 3054 3252 Countries
3083 3188 3143 3248 the
3165 3188 3298 3248 wood

1828 3252 1972 3312 cutters
2008 3252 2203 3312 evidently
2239 3248 2354 3308 aimed
2406 3248 2449 3308 at
2470 3244 2629 3304 copying
2672 3244 2774 3304 their
2809 3240 2961 3300 models
2998 3239 3041 3299 as
3076 3238 3214 3298 closely
3257 3236 3300 3296 as

1843 3300 2029 3360 possible,
2047 3300 2112 3360 and
2136 3299 2193 3359 the
2217 3296 2421 3356 variations
2445 3296 2527 3356 both
2560 3296 2592 3356 in
2617 3292 2699 3352 text
2715 3292 2780 3352 and
2804 3288 2976 3348 pictures
2992 3288 3049 3348 are
3073 3288 3139 3348 due
3164 3284 3293 3344 chiefly

1841 3350 1871 3410 to
1901 3352 1955 3412 the
1977 3348 2128 3408 greater
2151 3348 2189 3408 or
2212 3348 2287 3408 less
2318 3344 2408 3404 skill
2423 3344 2462 3404 of
2484 3344 2545 3404 the
2576 3340 2787 3400 workmen.
2833 3336 2916 3396 The
2947 3336 3083 3396 British
3120 3336 3279 3396 Museum

1844 3400 2035 3460 possesses
2058 3396 2204 3456 copies,
2227 3396 2426 3456 complete,
2441 3396 2564 3456 nearly
2587 3392 2794 3452 complete,
2809 3388 2848 3448 or
2871 3384 3002 3444 merely
3032 3384 3300 3444 fragmentary,

1844 3448 1880 3508 of
1898 3448 2006 3508 seven
2036 3448 2078 3508 of
2096 3448 2150 3508 the
2180 3448 2234 3508 ten
2264 3444 2450 3504 editions.

1908 3516 1953 3576 38
1989 3520 2152 3580 leaves,
2170 3518 2224 3578 all
2242 3516 2342 3576 save
2369 3516 2495 3576 those
2523 3516 2702 3576 marked
2739 3513 2757 3573 b
2784 3512 2865 3572 and
2892 3512 2938 3572 c,
2956 3512 3001 3572 of
3028 3506 3289 3566 Schreiber's

1841 3582 2006 3642 edition
2036 3581 2081 3641 I.
2141 3580 2223 3640 See
2253 3576 2501 3636 Dodgson,
2523 3576 2553 3636 i.
2576 3576 2680 3636 209.

2961 3644 3093 3704 Print
3123 3644 3297 3704 Room.

1900 3659 2082 3719 Bought
2112 3657 2142 3717 in
2181 3656 2317 3716 1845.
2378 3656 2591 3716 Mounted
2622 3652 2667 3712 on
2706 3652 2857 3712 cards.

1850 3788 2145 3848 Fragment
2180 3784 2230 3844 of
2255 3784 2483 3844 another
2517 3778 2686 3838 copy.

1902 3870 1923 3930 3
1966 3864 2107 3924 leaves
2139 3864 2205 3924 (s,
2226 3864 2303 3924 .t.,
2324 3861 2410 3921 .v.)
2432 3860 2487 3920 of
2519 3860 2606 3920 this
2638 3856 2758 3916 same
2790 3852 2952 3912 edition
3006 3848 3202 3908 inserted
3245 3844 3288 3904 to

3111 3910 3200 3970 IB.
3216 3912 3305 3972 45.

1848 3926 2066 3986 complete
2100 3924 2204 3984 that
2230 3920 2456 3980 described
2499 3920 2621 3980 below
2674 3916 2804 3976 under
2830 3916 2917 3976 IB.
2934 3912 3003 3972 43.

1848 4052 2103 4112 Another
2128 4048 2366 4108 edition.

1912 4128 1933 4188 3
1965 4128 2103 4188 leaves
2146 4128 2179 4188 (a
2211 4128 2286 4188 and
2318 4128 2339 4188 b
2381 4124 2435 4184 on
2478 4124 2564 4184 one
2596 4120 2724 4180 sheet
2756 4118 2831 4178 and
2873 4116 2928 4176 c)
2949 4116 3002 4176 of
3033 4112 3301 4172 Schreiber's

1845 4190 2012 4250 edition
2046 4189 2146 4249 III.
2205 4188 2289 4248 See
2322 4187 2565 4247 Dodgson,
2582 4184 2607 4244 i.
2632 4180 2732 4240 209.

2979 4252 3101 4312 Print
3131 4248 3306 4308 Room.

1917 4265 2094 4325 Bought
2120 4268 2156 4328 in
2191 4264 2333 4324 1845.
2387 4261 2598 4321 Mounted
2635 4256 2687 4316 on
2713 4256 2864 4316 cards.

1860 4396 2105 4456 Another
2140 4392 2366 4452 edition.

1913 4476 1933 4536 3
1984 4472 2128 4532 leaves
2169 4472 2241 4532 (n,
2271 4471 2324 4531 o,
2344 4468 2426 4528 and
2477 4469 2549 4529 .p.,
2580 4463 2631 4523 of
2661 4460 2734 4520 the
2775 4457 2929 4517 second
2980 4456 3226 4516 alphabet)
3257 4453 3298 4513 of

1858 4535 2130 4595 Schreiber's
2150 4532 2311 4592 edition
2352 4524 2441 4584 IV.
2493 4520 2673 4580 Printed
2704 4520 2734 4580 in
2764 4520 2865 4580 grey
2905 4516 2966 4576 ink
3006 4516 3087 4576 and
3117 4516 3297 4576 slightly

1854 4596 1989 4656 tinted
2023 4596 2057 4656 in
2091 4592 2235 4652 parts.
2295 4588 2371 4648 See
2405 4584 2651 4644 Dodgson,
2668 4584 2702 4644 i.
2719 4580 2820 4640 209.

1918 4670 2155 4730 Presented
2197 4665 2252 4725 by
2295 4665 2370 4725 W.
2402 4660 2629 4720 Mitchell,
2651 4660 2779 4720 Esq.,
2802 4660 2834 4720 in
2888 4652 3028 4712 1895.
3081 4652 3297 4712 Mounted

2984 4715 3116 4775 Print
3134 4712 3310 4772 Room.

1848 4733 1900 4793 on
1933 4732 2084 4792 cards.
