4081 5700
287 536 414 596 Terce,
438 534 548 594 Sext,
581 532 731 592 None).
778 532 818 592 3.
841 528 1001 588 Mattins
1033 528 1103 588 and
1152 524 1278 584 Lauds
1310 522 1373 582 for
1405 520 1492 580 each
1532 524 1730 584 weekday.

289 591 325 651 4.
343 584 506 644 Vespers
533 580 587 640 for
606 580 750 640 Sunday
787 577 850 637 and
877 576 959 636 each
985 575 1193 635 weekday.
1238 572 1275 632 5.
1302 572 1519 632 Compline.
1555 569 1601 629 6.
1628 572 1726 632 (The

284 639 442 699 Litany;
470 632 628 692 wanting
674 626 712 686 in
759 628 842 688 this
880 624 1019 684 copy.)
1056 620 1103 680 7.
1121 621 1205 681 The
1252 620 1391 680 Preces
1437 620 1606 680 Minores
1652 619 1717 679 and

284 686 472 746 Majores.
513 679 596 739 The
628 676 866 736 distribution
908 672 949 732 of
973 672 1039 732 the
1080 671 1228 731 Psalter
1252 668 1285 728 is
1318 668 1375 728 the
1408 668 1565 728 general
1589 668 1663 728 one
1696 668 1728 728 in

284 735 344 795 use
378 734 403 794 in
437 730 489 790 all
506 724 694 784 churches
720 726 762 786 of
788 724 848 784 the
874 724 1019 784 Roman
1053 720 1147 780 rite,
1164 718 1292 778 except
1318 716 1421 776 those
1455 716 1480 776 in
1514 716 1626 776 which
1659 715 1727 775 the

284 780 472 840 Monastic
506 776 653 836 Psalter
678 775 755 835 was
781 772 893 832 used,
910 772 978 832 but
1003 768 1047 828 by
1072 768 1201 828 means
1226 768 1270 828 of
1287 768 1346 828 the
1372 768 1483 828 blank
1518 765 1647 825 spaces
1672 762 1731 822 the

287 828 561 888 characteristic
588 821 809 881 differences
829 820 869 880 of
889 822 949 882 the
976 820 1036 880 use
1063 820 1103 880 of
1123 818 1190 878 any
1217 816 1350 876 church
1378 816 1431 876 for
1457 816 1564 876 which
1598 816 1611 876 a
1638 816 1731 876 copy

284 877 362 937 was
383 878 581 938 purchased
617 876 716 936 could
744 872 787 932 be
815 872 1000 932 inserted.

344 942 414 1002 The
445 936 593 996 Psalter
617 932 695 992 was
726 936 921 996 published
960 932 991 992 in
1030 932 1100 992 two
1139 932 1280 992 forms:
1303 931 1358 991 (i)
1389 928 1428 988 an
1460 928 1560 988 issue
1600 928 1639 988 of
1670 930 1732 990 143

285 992 431 1052 leaves,
458 988 527 1048 now
562 982 804 1042 represented
839 980 891 1040 by
917 983 986 1043 this
1013 976 1108 1036 copy
1134 980 1204 1040 and
1238 980 1350 1040 those
1386 977 1429 1037 at
1455 976 1654 1036 Windsor,
1671 973 1733 1033 the

295 1041 380 1101 John
415 1036 586 1096 Rylands
612 1032 792 1092 Library,
809 1032 869 1092 and
903 1032 1152 1092 Darmstadt,
1169 1028 1237 1088 and
1271 1028 1340 1088 one
1374 1028 1409 1088 of
1435 1026 1494 1086 the
1521 1024 1589 1084 two
1614 1023 1744 1083 copies

289 1092 328 1152 at
351 1090 405 1150 the
436 1084 694 1144 Bibliothèque
733 1080 935 1140 Nationale
951 1080 966 1140 ;
997 1076 1052 1136 (ii)
1083 1077 1122 1137 an
1153 1076 1246 1136 issue
1277 1076 1356 1136 with
1387 1076 1449 1136 the
1472 1076 1589 1136 Vigils
1613 1075 1651 1135 of
1667 1073 1729 1133 the

294 1136 420 1196 Dead,
437 1132 508 1192 and
539 1132 651 1192 other
674 1129 833 1189 prayers
856 1128 905 1188 on
936 1128 976 1188 32
1007 1128 1230 1188 additional
1253 1124 1396 1184 leaves,
1420 1124 1570 1184 making
1603 1123 1666 1183 175
1705 1120 1729 1180 in

287 1190 351 1250 all,
373 1184 438 1244 now
474 1180 704 1240 represented
740 1176 783 1236 by
805 1176 862 1236 the
891 1176 1021 1236 copies
1042 1176 1078 1236 at
1099 1176 1266 1236 Vienna,
1287 1173 1431 1233 Berlin,
1452 1172 1517 1232 and
1546 1172 1741 1232 Dresden,

284 1236 357 1296 and
382 1233 448 1293 one
480 1232 521 1292 of
546 1232 653 1292 those
685 1228 718 1288 at
751 1228 874 1288 Paris.
923 1224 1095 1284 Printing
1120 1224 1243 1284 seems
1268 1224 1301 1284 to
1333 1224 1432 1284 have
1457 1224 1571 1284 begun
1605 1224 1637 1284 at
1662 1219 1735 1279 two

292 1287 435 1347 points,
453 1277 578 1337 leaves
605 1280 623 1340 2
649 1278 721 1338 and
757 1276 846 1336 115.
891 1273 989 1333 From
1034 1272 1096 1332 the
1123 1272 1204 1332 fact
1230 1272 1320 1332 that
1338 1272 1472 1332 leaves
1499 1272 1642 1332 41-114
1677 1268 1731 1328 are

295 1331 452 1391 reported
494 1326 527 1386 to
560 1324 609 1384 be
642 1327 908 1387 substantially
933 1320 990 1380 the
1016 1322 1123 1382 same
1148 1320 1181 1380 in
1223 1320 1272 1380 all
1297 1320 1447 1380 copies,
1471 1320 1579 1380 while
1612 1320 1736 1380 leaves

289 1380 403 1440 2-40,
424 1376 582 1436 115-143
611 1376 676 1436 are
704 1372 812 1432 found
848 1374 877 1434 in
905 1369 969 1429 two
1005 1368 1184 1428 different
1207 1372 1386 1432 settings,
1400 1368 1429 1428 it
1450 1368 1564 1428 would
1594 1368 1736 1428 appear

294 1428 371 1488 that
402 1428 458 1488 the
489 1424 691 1484 resolution
722 1422 761 1482 to
793 1420 893 1480 issue
924 1420 987 1480 the
1011 1420 1105 1480 book
1143 1419 1174 1479 in
1205 1416 1276 1476 two
1299 1416 1478 1476 different
1502 1416 1634 1476 forms,
1650 1415 1727 1475 with

295 1483 311 1543 a
343 1474 580 1534 consequent
604 1472 777 1532 increase
809 1468 841 1528 in
874 1468 940 1528 the
972 1468 1070 1528 total
1094 1468 1257 1528 number
1283 1465 1323 1525 of
1348 1468 1495 1528 copies,
1519 1464 1593 1524 was
1626 1464 1731 1524 taken

296 1526 383 1586 after
420 1522 500 1582 part
530 1520 574 1580 of
603 1520 662 1580 the
698 1519 779 1579 text
808 1519 874 1579 had
917 1516 1012 1576 been
1049 1516 1196 1576 printed
1232 1516 1305 1576 off,
1327 1514 1400 1574 and
1437 1514 1524 1574 that
1561 1512 1633 1572 this
1671 1511 1743 1571 was

293 1572 475 1632 reprinted
511 1572 533 1632 in
562 1568 679 1628 order
701 1568 737 1628 to
759 1564 927 1624 increase
964 1564 1022 1624 the
1051 1564 1211 1624 number
1233 1564 1270 1624 of
1292 1564 1422 1624 copies
1445 1564 1474 1624 in
1503 1564 1736 1624 accordance

294 1620 374 1680 with
414 1620 468 1680 the
501 1620 567 1680 new
614 1619 721 1679 plan.
767 1615 848 1675 The
881 1615 960 1675 first
987 1615 1067 1675 leaf
1087 1616 1247 1676 appears
1280 1612 1314 1672 to
1340 1612 1434 1672 have
1467 1611 1553 1671 been
1594 1610 1733 1670 printed

298 1675 386 1735 after
406 1672 461 1732 the
488 1668 562 1728 rest
584 1665 624 1725 of
638 1664 698 1724 the
726 1668 841 1728 book.
889 1660 1011 1720 Three
1039 1664 1215 1724 varieties
1243 1664 1276 1724 of
1297 1664 1324 1724 it
1345 1664 1406 1724 are
1433 1660 1582 1720 known.

360 1760 420 1820 On
471 1757 668 1817 vellum.
728 1748 847 1808 333X
873 1748 958 1808 211
1001 1756 1120 1816 mm.
1189 1752 1402 1812 Wanting
1463 1752 1617 1812 leaves
1651 1747 1735 1807 28

295 1822 368 1882 and
418 1814 646 1874 137-143,
672 1814 721 1874 of
753 1816 884 1876 which
918 1812 1033 1872 428,
1065 1812 1164 1872 142,
1188 1812 1271 1872 and
1319 1812 1394 1872 143
1434 1811 1499 1871 are
1541 1808 1737 1868 supplied

296 1876 332 1936 in
374 1876 612 1936 facsimile.
669 1872 798 1932 Much
848 1872 1064 1932 damaged
1114 1872 1394 1932 throughout
1430 1871 1481 1931 by
1538 1868 1745 1928 ignorant

296 1936 504 1996 attempts
547 1935 582 1995 to
626 1930 791 1990 restore
827 1932 971 1992 words
999 1935 1071 1995 and
1114 1932 1265 1992 letters
1301 1928 1466 1988 injured
1509 1928 1559 1988 by
1610 1928 1738 1988 damp

293 1996 343 2056 or
385 1995 515 2055 other
550 1990 729 2050 causes.
786 1987 872 2047 The
923 1992 1051 2052 blank
1108 1990 1259 2050 spaces
1302 1992 1417 2052 have
1474 1987 1581 2047 been
1638 1985 1731 2045 used

301 2058 362 2118 for
394 2053 671 2113 manuscript
709 2053 940 2113 additions
979 2052 1186 2112 adapting
1233 2051 1310 2111 the
1348 2051 1456 2111 copy
1502 2048 1541 2108 in
1579 2048 1748 2108 almost

306 2112 422 2172 every
452 2115 546 2175 case
591 2112 627 2172 to
671 2112 744 2172 the
788 2112 861 2172 use
905 2112 956 2172 of
986 2112 1161 2172 Mainz,
1183 2109 1219 2169 so
1263 2112 1366 2172 that
1395 2111 1489 2171 with
1526 2104 1621 2164 very
1665 2104 1731 2164 few

299 2176 583 2236 exceptions,
598 2172 715 2232 some
744 2172 794 2232 of
816 2172 948 2232 which
977 2172 1049 2232 are
1086 2172 1304 2232 evidently
1333 2172 1567 2232 mistakes,
1589 2168 1647 2228 for
1676 2168 1742 2228 the

307 2236 435 2296 filling
473 2233 503 2293 in
540 2232 616 2292 has
654 2232 760 2292 been
797 2232 948 2292 rather
986 2232 1213 2292 carelessly
1258 2232 1394 2292 done,
1409 2230 1439 2290 it
1469 2226 1620 2286 agrees
1643 2224 1741 2284 with

308 2294 371 2354 the
410 2296 553 2356 Mainz
600 2294 838 2354 breviaries
869 2293 916 2353 of
949 2296 1059 2356 1474
1098 2292 1178 2352 and
1225 2285 1360 2345 1570.
1415 2288 1510 2348 The
1557 2288 1739 2348 inserted

303 2356 509 2416 passages
540 2352 707 2412 consist
731 2352 822 2412 of:—

358 2432 403 2492 1.
433 2429 524 2489 The
570 2429 721 2489 Ferial
743 2432 827 2492 and
865 2432 1129 2492 sometimes
1168 2428 1235 2488 the
1274 2428 1462 2488 Paschal
1493 2425 1758 2485 Antiphons

309 2490 346 2550 of
375 2492 477 2552 (with
513 2489 593 2549 two
622 2488 674 2548 or
696 2488 812 2548 three
848 2492 1104 2552 omissions)
1126 2491 1199 2551 the
1228 2488 1366 2548 whole
1403 2488 1585 2548 Psalter.

362 2568 407 2628 2.
438 2568 568 2628 Some
598 2568 644 2628 of
666 2565 735 2625 the
773 2568 1123 2628 Responsories,
1145 2567 1229 2627 &c.

371 2640 409 2700 3.
440 2646 727 2706 Catchwords
757 2646 804 2706 of
827 2644 1028 2704 Hymns.

368 2720 545 2780 Except
585 2720 626 2780 in
674 2720 747 2780 the
795 2720 892 2780 case
940 2720 989 2780 of
1021 2720 1142 2780 some
1191 2720 1239 2780 of
1279 2717 1352 2777 the
1400 2716 1618 2776 Versicles
1667 2712 1747 2772 and

313 2780 581 2840 Responses,
602 2784 729 2844 which
764 2784 828 2844 are
863 2780 1004 2840 added
1040 2780 1068 2840 in
1103 2780 1280 2840 smaller
1308 2776 1505 2836 writing,
1520 2776 1583 2836 the
1619 2776 1753 2836 music

305 2836 339 2896 is
366 2836 481 2896 given
515 2837 549 2897 to
584 2843 645 2903 all
678 2842 747 2902 the
781 2844 1026 2904 additions.
1094 2840 1230 2900 There
1263 2838 1325 2898 are
1359 2835 1529 2895 several
1549 2833 1672 2893 cases
1712 2833 1753 2893 of

310 2900 556 2960 additions,
585 2901 734 2961 chiefly
787 2900 831 2960 of
869 2900 1122 2960 Alleluias,
1151 2900 1188 2960 in
1226 2900 1248 2960 a
1300 2900 1426 2960 much
1471 2896 1590 2956 later
1635 2896 1746 2956 hand

317 2959 436 3019 (early
488 2957 584 3017 17th
628 2960 858 3020 century?

370 3018 458 3078 The
487 3020 707 3080 instances
743 3020 773 3080 in
817 3020 948 3080 which
1000 3020 1066 3080 the
1110 3016 1344 3076 additions
1374 3016 1505 3076 differ
1534 3016 1622 3076 from
1681 3016 1754 3076 the

313 3080 451 3140 Mainz
488 3079 721 3139 breviaries
750 3082 794 3142 of
816 3080 918 3140 1474
954 3080 1035 3140 and
1071 3077 1174 3137 1570
1210 3080 1275 3140 are
1305 3080 1349 3140 as
1378 3076 1603 3136 follows:—

375 3155 413 3215 1.
443 3155 559 3215 Sext
582 3156 688 3216 (leaf
711 3160 811 3220 34).
865 3156 957 3216 The
987 3156 1171 3216 Sunday
1202 3155 1287 3215 and
1325 3152 1539 3212 weekday
1577 3152 1761 3212 respon-

309 3212 442 3272 sories
476 3214 582 3274 have
622 3216 722 3276 been
769 3216 949 3276 mixed,
976 3216 1050 3276 and
1096 3216 1163 3276 the
1210 3216 1377 3276 Roman
1423 3212 1544 3272 Sext
1577 3209 1757 3269 versicle

343 3269 384 3329 In
426 3272 606 3332 sæculum
669 3276 828 3336 sæculi
855 3275 1015 3335 veritas
1056 3276 1181 3336 tua',
1208 3276 1374 3336 instead
1416 3272 1465 3332 of
1492 3272 1568 3332 the
1610 3272 1755 3332 Mainz

311 3332 404 3392 (and
457 3336 584 3396 many
644 3335 824 3395 others)
865 3332 878 3392 '
898 3332 938 3392 In
998 3336 1105 3396 cœlo
1158 3332 1204 3392 et
1252 3332 1285 3392 in
1345 3332 1531 3392 sæculum
1612 3328 1764 3388 sæculi

316 3388 468 3448 veritas
496 3396 558 3456 tua
592 3396 613 3456 ,
627 3396 703 3456 has
724 3396 827 3456 been
863 3394 945 3454 put
966 3396 1208 3456 (wrongly)
1236 3395 1346 3455 after
1367 3395 1437 3455 the
1464 3392 1588 3452 None
1616 3392 1747 3452 hymn

346 3448 480 3508 Rerum
543 3456 663 3516 Deus
699 3452 720 3512 ,
748 3456 826 3516 and
868 3456 1003 3516 called
1052 3456 1101 3516 an
1144 3454 1391 3514 antiphon,
1419 3452 1546 3512 while
1589 3452 1688 3512 part
1724 3450 1773 3510 of

312 3504 331 3564 a
357 3510 612 3570 responsory
652 3516 939 3576 ('clamantes
966 3512 1012 3572 et
1031 3512 1234 3572 dicentes
1260 3512 1483 3572 aduenisti
1509 3512 1764 3572 redemptor

312 3568 475 3628 nöster.
502 3575 619 3635 Ne.)
639 3576 768 3636 which
802 3576 986 3636 appears
1013 3572 1048 3632 to
1082 3572 1232 3632 belong
1266 3572 1300 3632 to
1341 3570 1478 3630 either
1505 3572 1552 3632 an
1587 3568 1770 3628 Advent

312 3628 359 3688 or
380 3631 475 3691 Palm
530 3631 700 3691 Sunday
735 3636 918 3696 service,
932 3635 1007 3695 has
1034 3636 1136 3696 been
1164 3632 1354 3692 inserted
1382 3632 1525 3692 before
1559 3632 1627 3692 the
1648 3631 1763 3691 same

312 3686 480 3746 hymn.

379 3761 425 3821 2.
449 3765 574 3825 None
612 3768 745 3828 (36b).
776 3768 870 3828 The
917 3768 1097 3828 Sunday
1144 3768 1433 3828 Responsory
1479 3766 1511 3826 is
1550 3768 1683 3828 made
1721 3765 1760 3825 to

313 3816 434 3876 begin
485 3828 707 3888 Amplius
736 3828 828 3888 lava
865 3829 1044 3889 domine
1080 3828 1123 3888 ab
1158 3828 1359 3888 iniustica
1395 3828 1431 3888 to
1467 3826 1596 3886 corde
1625 3824 1774 3884 meo,

316 3880 475 3940 instead
517 3884 559 3944 of
593 3888 815 3948 'clamavi
836 3888 871 3948 in
912 3888 1002 3948 toto
1037 3888 1162 3948 corde
1204 3888 1356 3948 meo',
1370 3888 1446 3948 but
1481 3888 1551 3948 the
1585 3885 1772 3945 restorer

317 3937 388 3997 has
417 3940 517 4000 been
553 3940 647 4000 very
690 3948 790 4008 busy
826 3948 927 4008 over
955 3948 1041 4008 this
1070 3947 1278 4007 passage,
1293 3947 1372 4007 and
1400 3944 1516 4004 there
1551 3944 1615 4004 are
1645 3944 1766 4004 signs

319 3999 366 4059 of
389 4004 507 4064 more
537 4008 638 4068 than
677 4008 755 4068 one
786 4008 996 4068 revision.

376 4073 424 4133 3.
456 4076 650 4136 Monday
690 4080 876 4140 Mattins
908 4080 1013 4140 (leaf
1037 4084 1134 4144 37).
1190 4076 1279 4136 The
1311 4076 1594 4136 catchwords
1618 4076 1666 4136 of
1699 4076 1771 4136 the

320 4132 506 4192 hymn'
521 4134 686 4194 Somno
728 4136 909 4196 refectis
937 4136 1131 4196 artubus
1188 4136 1260 4196 are
1303 4136 1461 4196 given.
1519 4136 1626 4196 This
1662 4132 1769 4192 does

324 4192 397 4252 not
419 4192 550 4252 occur
580 4196 609 4256 in
645 4196 712 4256 the
748 4200 894 4260 Mainz
923 4199 1186 4259 breviaries.
1245 4194 1289 4254 It
1310 4196 1339 4256 is
1369 4196 1406 4256 in
1442 4196 1508 4256 the
1537 4196 1734 4256 Roman.

380 4262 428 4322 4.
460 4264 670 4324 Saturday
735 4268 896 4328 Lauds
937 4270 1114 4330 (114').
1171 4263 1268 4323 The
1316 4264 1550 4324 Antiphon
1607 4264 1655 4324 at
1696 4264 1768 4324 the

323 4320 590 4380 Benedictus
627 4324 664 4384 is
709 4327 782 4387 the
835 4328 1005 4388 Roman
1064 4326 1332 4386 Illuminare
1376 4324 1458 4384 dne
1510 4324 1576 4384 his
1606 4324 1688 4384 qui
1725 4324 1761 4384 in

326 4377 511 4437 tenebris
548 4384 712 4444 sedent
749 4381 791 4441 et
827 4380 971 4440 dirige
1021 4386 1157 4446 pedes
1193 4388 1365 4448 nostros
1408 4384 1436 4444 in
1486 4384 1573 4444 viam
1644 4384 1765 4444 pacis

332 4436 448 4496 Deus
471 4443 670 4503 Israhel'
693 4448 855 4508 instead
893 4448 931 4508 of
954 4448 1024 4508 the
1054 4445 1246 4505 Mainz'
1262 4447 1308 4507 In
1338 4444 1431 4504 viam
1484 4444 1600 4504 pacis
1630 4440 1768 4500 dirige

326 4496 400 4556 nos
430 4502 675 4562 Domine'.

390 4571 428 4631 5.
459 4576 639 4636 Sunday
677 4577 864 4637 Vespers
895 4581 1005 4641 (leaf
1028 4580 1153 4640 115).
1192 4580 1278 4640 The
1309 4580 1589 4640 catchwords
1636 4579 1768 4639 Dixit

330 4629 401 4689 dis
451 4633 516 4693 are
545 4638 667 4698 given
703 4637 839 4697 before
875 4640 946 4700 Ps.
968 4640 1068 4700 109,
1097 4640 1169 4700 but
1198 4640 1262 4700 the
1298 4640 1377 4700 full
1405 4640 1636 4700 Antiphon
1664 4639 1771 4699 after

326 4686 358 4746 it
381 4692 437 4752 is,
477 4696 636 4756 Dirige
660 4700 843 4760 domine
882 4700 985 4760 deus
1025 4700 1144 4760 meus
1176 4700 1208 4760 in
1255 4700 1486 4760 conspectu
1534 4700 1605 4760 tuo
1637 4699 1748 4759 [viam

1788 528 1981 588 meam,
2006 524 2141 584 which
2176 524 2218 584 is
2251 524 2353 584 that
2386 520 2437 580 of
2471 520 2538 580 the
2580 520 2681 580 first
2715 520 2842 580 Psalm
2893 518 2985 578 (Ps.
3011 520 3061 580 5)
3087 520 3120 580 in
3163 519 3238 579 the

1797 588 1983 648 Mattins
2012 584 2062 644 of
2083 583 2148 643 the
2184 582 2342 642 Dead.

1846 664 1894 724 6.
1925 660 2148 720 Weekday
2205 660 2428 720 Vespers.
2483 656 2579 716 The
2620 656 2771 716 Ferial
2794 656 3058 716 Antiphons
3090 653 3137 713 at
3170 652 3241 712 the

1801 720 2063 780 Magnificat
2092 720 2165 780 are
2202 718 2326 778 given
2377 720 2443 780 for
2479 719 2602 779 every
2647 716 2727 776 day
2778 712 2946 772 except
2989 712 3251 772 Thursday.

1811 784 1919 844 They
1950 780 2021 840 are
2052 779 2177 839 those
2208 776 2247 836 of
2270 776 2340 836 the
2372 780 2543 840 Roman
2574 778 2675 838 use.
2730 774 2854 834 They
2885 772 2955 832 are
2986 775 3064 835 not
3096 772 3228 832 found

1801 840 1829 900 in
1865 840 1936 900 the
1972 840 2116 900 Mainz
2151 840 2416 900 breviaries.

1860 936 2234 996 Accompanying
2265 932 2327 992 the
2358 928 2538 988 present
2562 930 2671 990 copy
2694 931 2725 991 is
2749 932 2765 992 a
2796 928 3093 988 manuscript,
3108 928 3232 988 which

1802 996 1937 1056 would
1990 996 2088 1056 seem
2157 992 2194 1052 to
2240 992 2354 1052 have
2399 992 2497 1052 been
2535 992 2686 1052 bound
2724 988 2823 1048 with
2868 988 2921 1048 it.
2981 987 3080 1047 The
3110 984 3253 1044 hand-

1808 1056 1969 1116 writing
2007 1052 2038 1112 is
2069 1052 2407 1112 contemporary
2445 1052 2545 1112 with
2583 1050 2661 1110 the
2691 1048 2791 1108 bulk
2838 1046 2884 1106 of
2914 1044 2984 1104 the
3022 1048 3252 1108 additions

1804 1116 1840 1176 to
1875 1116 1940 1176 the
1976 1112 2141 1172 printed
2177 1112 2370 1172 Psalter,
2385 1112 2464 1172 and
2507 1112 2543 1172 in
2586 1112 2708 1172 some
2744 1106 2873 1166 cases
2895 1104 3139 1164 resembles
3175 1104 3246 1164 the

1802 1176 2093 1236 handwriting
2132 1172 2177 1232 of
2201 1172 2270 1232 the
2300 1172 2431 1232 latter
2462 1168 2561 1228 very
2592 1168 2784 1228 closely.
2845 1168 2884 1228 It
2915 1166 2953 1226 is
2991 1168 3091 1228 part
3122 1168 3168 1228 of
3199 1166 3245 1226 an

1807 1236 2095 1296 Antiphoner
2124 1235 2196 1295 and
2232 1232 2491 1292 contains:—

1859 1312 1904 1372 1.
1934 1312 2025 1372 The
2079 1310 2344 1370 Antiphons
2390 1308 2442 1368 of
2466 1308 2647 1368 Sunday
2708 1306 2898 1366 Mattins
2943 1300 3012 1360 for
3057 1304 3262 1364 Advent,

1800 1376 2030 1436 according
2074 1368 2103 1428 to
2139 1372 2211 1432 the
2247 1369 2369 1429 Curia
2406 1368 2629 1428 Romana.
2687 1368 2809 1428 Leaf
2831 1368 2866 1428 1.

1864 1448 1914 1508 2.
1940 1452 2024 1512 The
2049 1445 2226 1505 Hymn,
2251 1448 2461 1508 Cœlorum
2512 1444 2672 1504 candor
2688 1441 2933 1501 splenduit,
2958 1440 3008 1500 on
3042 1440 3118 1500 the
3143 1439 3262 1499 Stig-

1807 1510 1920 1570 mata
1952 1508 2000 1568 of
2033 1504 2089 1564 S.
2105 1508 2307 1568 Francis.
2364 1504 2477 1564 This
2509 1504 2541 1564 is
2573 1504 2646 1564 the
2686 1504 2912 1564 Antiphon
2953 1500 3001 1560 at
3033 1497 3098 1557 the
3138 1496 3269 1556 Mag¬

1811 1568 1962 1628 nificat
1985 1568 2025 1628 at
2056 1568 2120 1628 the
2152 1568 2271 1628 First
2302 1564 2493 1624 Vespers
2517 1564 2564 1624 of
2588 1564 2659 1624 the
2699 1560 2841 1620 Feast
2865 1560 2913 1620 of
2929 1560 3000 1620 the
3032 1556 3254 1616 Stigmata

1809 1632 1858 1692 of
1883 1632 1934 1692 S.
1958 1629 2142 1689 Francis
2166 1620 2232 1680 (17
2275 1624 2424 1684 Sept.)
2457 1627 2491 1687 in
2524 1624 2599 1684 the
2640 1624 2765 1684 Curia
2806 1624 3006 1684 Romana
3039 1616 3273 1676 breviary.

1811 1689 1934 1749 Leaf
1954 1688 1998 1748 2.

1874 1771 1917 1831 3.
1952 1768 2041 1828 The
2085 1764 2270 1824 Hymns
2323 1760 2464 1820 Primo
2509 1760 2658 1820 dierum
2719 1760 2896 1820 omnium
2966 1753 3046 1813 and
3116 1752 3257 1812 Nocte

1816 1824 2044 1884 surgentes
2102 1826 2298 1886 (Sunday
2338 1824 2576 1884 Mattins).
2624 1820 2747 1880 Leaf
2771 1818 2836 1878 2b.

1875 1907 1916 1967 4.
1950 1904 2043 1964 The
2076 1904 2262 1964 Litany.
2320 1900 2413 1960 The
2447 1896 2540 1956 lists
2573 1896 2624 1956 of
2658 1896 2810 1956 Saints
2843 1892 2970 1952 agree
3003 1894 3104 1954 with
3138 1889 3255 1949 those

1819 1964 1859 2024 of
1891 1964 1955 2024 the
1987 1964 2116 2024 Curia
2148 1963 2381 2023 Romana,
2397 1960 2566 2020 except
2590 1956 2687 2016 that
2719 1956 2815 2016 SS.
2839 1953 3081 2013 Berardus,
3105 1952 3257 2012 Petrus

1819 2024 2060 2084 Accursius
2092 2023 2172 2083 and
2220 2020 2357 2080 Otto,
2389 2020 2446 2080 S.
2470 2016 2807 2076 Bonaventura,
2839 2015 2896 2075 S.
2920 2012 3145 2072 Barbara,
3177 2012 3249 2072 and

1819 2075 1871 2135 S.
1886 2084 2015 2144 Anne
2046 2082 2113 2142 are
2144 2084 2355 2144 omitted,
2379 2080 2454 2140 and
2492 2080 2545 2140 S.
2560 2076 2833 2136 Bernardino
2863 2068 3075 2128 precedes
3105 2072 3158 2132 S.
3173 2069 3271 2129 Ber-

1812 2144 1949 2204 nard.
2007 2144 2173 2204 Leaves
2209 2136 2310 2196 3-6.

1880 2227 1929 2287 5.
1958 2217 2046 2277 The
2116 2216 2312 2276 Venite'
2361 2218 2459 2278 (two
2519 2215 2735 2275 settings)
2785 2212 2872 2272 and
2932 2204 3020 2264 'Te
3079 2208 3276 2268 Deum.

1822 2280 1992 2340 Leaves
2024 2272 2170 2332 6b-9b.

1879 2355 1927 2415 6.
1958 2356 2181 2416 Hymnal,
2196 2356 2427 2416 according
2474 2352 2514 2412 to
2554 2352 2625 2412 the
2657 2352 2776 2412 Curia
2816 2348 3014 2408 Romana
3054 2348 3276 2408 breviary.

1819 2416 1990 2476 Leaves
2014 2416 2177 2476 10-31.
2224 2416 2341 2476 (No.
2357 2413 2372 2473 3
2396 2412 2583 2472 belongs
2606 2412 2646 2472 to
2669 2412 2778 2472 this,
2794 2409 2872 2469 but
2887 2408 2918 2468 is
2949 2408 3020 2468 out
3043 2408 3090 2468 of
3105 2408 3277 2468 place.)

1880 2485 1929 2545 7.
1962 2496 2046 2556 The
2079 2494 2212 2554 Office
2246 2492 2295 2552 of
2312 2492 2379 2552 the
2412 2492 2561 2552 Dead.
2620 2488 2794 2548 Leaves
2828 2478 3027 2538 31°-366.

1881 2572 1934 2632 8.
1952 2569 2051 2629 The
2105 2568 2373 2628 Antiphons
2408 2568 2463 2628 of
2498 2568 2579 2628 the
2623 2564 2803 2624 Blessed
2857 2560 3044 2620 Virgin.
3098 2562 3277 2622 Leaves

1839 2627 2019 2687 37-386.

1879 2707 1926 2767 9.
1957 2704 2043 2764 The
2082 2708 2292 2768 Common
2331 2704 2377 2764 of
2402 2704 2682 2764 Evangelists
2720 2700 3048 2760 (incomplete),
3064 2696 3274 2756 martyrs,

1815 2768 2088 2828 confessors,
2112 2768 2193 2828 and
2249 2764 2289 2824 of
2321 2761 2402 2821 one
2450 2761 2611 2821 virgin,
2635 2760 2868 2820 according
2917 2758 2957 2818 to
3005 2759 3077 2819 the
3134 2756 3262 2816 Curia

1823 2825 2018 2885 Romana
2058 2825 2285 2885 breviary.
2348 2824 2520 2884 Leaves
2559 2818 2739 2878 38-46°.

1884 2904 1975 2964 The
2016 2903 2124 2963 plain
2165 2900 2306 2960 chant
2340 2900 2381 2960 is
2414 2896 2539 2956 given
2588 2896 2887 2956 throughout,
2912 2891 3077 2951 except
3110 2892 3153 2952 to
3194 2891 3260 2951 the

1827 2964 1983 3024 Litany
2014 2964 2093 3024 and
2124 2961 2186 3021 all
2210 2960 2374 3020 except
2397 2960 2467 3020 the
2499 2960 2592 3020 first
2617 2956 2733 3016 verse
2765 2956 2812 3016 of
2835 2956 2929 3016 each
2960 2952 3132 3012 hymn.

1883 3037 1971 3097 The
2011 3036 2229 3096 Grenville
2277 3036 2414 3096 copy,
2430 3034 2631 3094 formerly
2679 3033 2743 3093 the
2784 3032 2993 3092 property
3041 3028 3089 3088 of
3122 3028 3274 3088 Count

3094 3088 3185 3148 IB.
3204 3088 3287 3148 72.

1827 3096 2135 3156 Weissenburg
2176 3097 2257 3157 (G.
2281 3096 2468 3156 12216).

2486 3224 2774 3284 Psalterium
2866 3220 2931 3280 ad
3006 3220 3248 3280 honorem

1890 3228 2371 3288 SALTERIUM.

2733 3290 2815 3350 *29
2856 3293 3101 3353 August,
3132 3307 3287 3367 1459.

1902 3312 2094 3372 Sancti
2132 3308 2352 3368 Jacobi.

2330 3398 2400 3458 vir
2485 3398 2500 3458 à
2531 3400 2693 3460 Seruite
2717 3400 2832 3460 dno.
2878 3396 3087 3456 Evovae.

1894 3401 1954 3461 12.
1984 3407 2172 3467 BEatus

1841 3468 1885 3528 no
1921 3465 2037 3525 abijt
2072 3464 2108 3524 in
2153 3464 2305 3524 cosilio
2340 3461 2430 3521 im¬
2465 3460 2590 3520 piou.
2697 3457 2973 3517 COLOPHON
3001 3452 3019 3512 :
3072 3452 3277 3512 PResens

1838 3528 2026 3588 psalmor
2056 3524 2223 3584 codex:
2246 3520 2480 3580 venustate
2510 3520 2722 3580 capitalium
2737 3516 3047 3576 deco¬atus.
3085 3512 3282 3572 rubrica¬

1833 3584 2078 3644 tionibusque
2094 3584 2362 3644 sufficienter
2385 3580 2646 3640 distinctus.
2700 3576 3007 3636 adinuencone
3037 3576 3267 3636 artificiosa

1834 3644 2118 3704 imprimendi
2143 3644 2190 3704 ac
2222 3637 2570 3697 caracterizandi
2586 3640 2602 3700 :
2681 3639 2816 3699 absque
2832 3636 2903 3696 vlla
2942 3636 3100 3696 calami
3125 3632 3284 3692 exara¬

1841 3704 1938 3764 cône
1973 3704 2025 3764 sic
2053 3704 2300 3764 effigiatus,
2353 3698 2397 3758 et
2423 3700 2468 3760 ad
2503 3700 2661 3760 laudem
2758 3696 2838 3756 dei
2873 3694 2918 3754 ac
2952 3692 3112 3752 honore
3138 3689 3288 3749 sancti

2379 3757 2459 3817 Per
2483 3760 2619 3820 lohem
2658 3760 2746 3820 fust
2818 3756 2914 3816 ciue
2938 3752 3201 3812 magûtinû.
3233 3749 3281 3809 et

1845 3764 1998 3824 Iacobi
2020 3761 2086 3821 est
2108 3764 2328 3824 osumat?.

1846 3823 1956 3883 Petrü
2020 3824 2258 3884 Schoifher
2297 3820 2352 3880 de
2400 3818 2653 3878 gernfheym
2724 3816 2906 3876 clericu.
3009 3812 3144 3872 Anno
3199 3812 3278 3872 dni

1837 3884 2071 3944 Millesimo
2107 3882 2228 3942 cccc.
2245 3881 2333 3941 lix.
2350 3880 2498 3940 xxix.
2515 3880 2585 3940 die
2611 3878 2777 3938 mensis
2803 3872 3020 3932 Augusti.

1880 3966 2011 4026 Folio.
2060 3960 2207 4020 JA-E10
2231 3951 2330 4011 FSt2
2354 3953 2484 4013 G-L'0
2510 3956 2566 4016 MS
2591 3952 2665 4012 N10
2689 3949 2762 4009 O8.
2837 3952 2902 4012 136
2926 3952 3073 4012 leaves.
3130 3940 3204 4000 15:
3228 3947 3277 4007 23

1839 4016 1951 4076 lines,
1976 4017 2040 4077 333
2056 4016 2072 4076 x
2096 4013 2161 4073 208
2193 4012 2290 4072 mm.
2354 4008 2491 4068 Versal
2515 4008 2644 4068 letters
2676 4007 2821 4067 printed
2854 4003 2894 4063 or
2918 4000 3087 4060 stamped
3127 4000 3152 4060 in
3184 4000 3280 4060 red;

1839 4063 1946 4123 two-,
1961 4064 2076 4124 four-,
2091 4061 2161 4121 and
2191 4060 2337 4120 six-line
2360 4059 2521 4119 capitals
2544 4056 2705 4116 stamped
2736 4055 2766 4115 in
2789 4052 2874 4112 blue
2897 4051 2958 4111 and
2989 4048 3073 4108 red,
3088 4048 3150 4108 the
3173 4047 3280 4107 letter

1836 4112 1949 4172 being
1973 4109 2013 4169 of
2029 4112 2094 4172 one
2126 4112 2247 4172 colour
2272 4112 2344 4172 and
2376 4110 2441 4170 the
2465 4108 2659 4168 ornament
2683 4103 2715 4163 of
2732 4100 2796 4160 the
2820 4098 2941 4158 other,
2958 4096 3022 4156 and
3054 4096 3111 4156 the
3135 4096 3280 4156 colours

1835 4160 1919 4220 used
1958 4160 1988 4220 in
2019 4160 2265 4220 alternation.
2311 4156 2534 4216 Numerous
2566 4152 2696 4212 spaces
2719 4152 2789 4212 left
2811 4150 2865 4210 for
2896 4148 3057 4208 musical
3080 4148 3180 4208 notes
3204 4147 3273 4207 and

1835 4211 1897 4271 the
1926 4212 2044 4272 words
2064 4212 2106 4272 of
2120 4208 2343 4268 antiphons.
2391 4204 2488 4264 Hain
2530 4204 2683 4264 '13480.

1891 4288 1968 4348 The
2000 4288 2172 4348 Psalms,
2195 4292 2406 4352 Canticles,
2421 4288 2492 4348 and
2523 4284 2679 4344 Hymns
2711 4280 2890 4340 arranged
2921 4280 2984 4340 for
3007 4280 3195 4340 monastic
3218 4280 3280 4340 use

1836 4342 1863 4402 in
1897 4340 1951 4400 the
1979 4340 2168 4400 following
2195 4338 2337 4398 order:

1888 4404 1929 4464 1.
1954 4406 2029 4466 The
2054 4404 2220 4464 Psalter,
2237 4404 2320 4464 with
2354 4400 2587 4460 Antiphons,
2603 4399 2694 4459 &c.,
2711 4396 2885 4456 arranged
2918 4396 3118 4456 according
3159 4396 3193 4456 to
3218 4392 3276 4452 the

1833 4456 2029 4516 monastic
2052 4456 2139 4516 use.

1885 4518 1926 4578 2.
1950 4520 2032 4580 The
2057 4520 2253 4580 Canticles
2277 4517 2311 4577 at
2335 4515 2474 4575 Lauds,
2491 4512 2572 4572 with
2597 4512 2654 4572 the
2679 4508 2728 4568 Te
2761 4508 2900 4568 Deum,
2916 4508 3153 4568 Magnificat,
3170 4508 3284 4568 Nunc

1845 4572 2028 4632 Dimittis,
2049 4568 2247 4628 Apostles'
2261 4568 2402 4628 Creed,
2424 4564 2650 4624 Quicumque
2678 4560 2770 4620 vult,
2791 4560 2862 4620 &c.

1888 4642 1928 4702 3.
1952 4637 2025 4697 The
2058 4636 2244 4696 Canticles
2268 4632 2308 4692 of
2324 4632 2381 4692 the
2413 4628 2527 4688 Third
2551 4624 2769 4684 Nocturns.

1892 4706 1927 4766 4.
1955 4700 2032 4760 The
2060 4700 2241 4760 Hymns.
