4059 5700
283 552 888 612 TEMPTATIONES
955 541 1358 601 DEMONIS.

899 631 1011 691 The
1057 626 1505 686 Netherlands?,
1533 624 1710 684 1470?

343 725 573 785 Incipiunt
605 720 931 780 temptationes
970 716 1177 776 demonis
1209 716 1479 776 temptantis
1510 715 1717 775 hominem

285 784 337 844 de
372 781 522 841 septem
618 772 822 832 peccatis
857 776 1129 836 mortalibus
1173 772 1217 832 et
1261 775 1385 835 eorum
1455 776 1622 836 ramis.
1674 768 1736 828 Et

286 843 414 903 statim
475 836 678 896 sequitur
701 833 897 893 defensio
942 836 1048 896 boni
1115 832 1274 892 angeli
1304 834 1507 894 custodis
1537 832 1734 892 hominis

284 904 427 964 contra
457 902 532 962 hec
562 898 809 958 scripturam
862 896 1124 956 allegantis.

338 980 542 1040 Broadside
578 980 708 1040 Folio.
767 978 811 1038 68
847 979 942 1039 lines
979 976 1022 1036 of
1051 976 1146 1036 text.
1197 976 1277 1036 Size
1313 976 1358 1036 of
1379 976 1583 1036 woodcut:
1620 976 1685 1036 395
1699 973 1721 1033 x

282 1036 351 1096 255
379 1035 469 1095 mm.
517 1028 664 1088 Printed
698 1028 774 1088 with
802 1026 926 1086 brown
955 1028 1037 1088 ink.
1087 1025 1107 1085 A
1142 1025 1205 1085 list
1218 1024 1260 1084 of
1273 1024 1335 1084 the
1357 1024 1467 1084 seven
1496 1024 1627 1084 deadly
1655 1024 1746 1084 sins,

276 1084 349 1144 and
386 1080 444 1140 the
474 1076 583 1136 eight
605 1076 796 1136 branches
818 1075 891 1135 into
928 1072 1037 1132 which
1074 1074 1162 1134 they
1191 1075 1250 1135 are
1272 1072 1455 1132 severally
1477 1072 1653 1132 divided,
1674 1070 1740 1130 put

290 1134 365 1194 into
395 1130 455 1190 the
485 1128 561 1188 form
614 1125 651 1185 of
675 1128 841 1188 diabolic
878 1123 1120 1183 suggestions
1150 1124 1370 1184 (Dyabolus
1400 1123 1573 1183 tépltans
1604 1120 1694 1180 dicit

296 1180 479 1240 Superbus
516 1175 604 1235 sis),
633 1175 699 1235 and
743 1172 779 1232 of
809 1168 1036 1228 sixty-three
1072 1169 1167 1229 texts
1204 1172 1343 1232 quoted
1380 1168 1423 1228 by
1460 1170 1518 1230 the
1556 1170 1738 1230 guardian

290 1229 400 1289 angel
426 1231 453 1291 in
486 1224 695 1284 opposition
734 1220 767 1280 to
800 1223 884 1283 them
937 1220 1121 1280 (Angelus
1153 1220 1363 1280 detendens
1441 1220 1572 1280 contra
1605 1220 1696 1280 dicit

293 1279 349 1339 Nô
384 1276 399 1336 o
441 1272 547 1332 séptü
575 1272 631 1332 est
688 1268 801 1328 Deus
822 1272 991 1332 superbis
1020 1271 1161 1331 resistit
1182 1268 1351 1328 huilibus
1372 1268 1450 1328 aute
1478 1268 1542 1328 dat
1563 1268 1746 1328 gratiam.

298 1324 471 1384 —Jacobi
498 1316 598 1376 Vto).
651 1319 698 1379 At
732 1316 791 1376 the
825 1320 918 1380 head
959 1320 999 1380 of
1019 1320 1078 1380 the
1112 1320 1252 1380 deadly
1286 1319 1366 1379 sins
1393 1316 1426 1376 is
1452 1316 1466 1376 a
1506 1316 1680 1376 woodcut
1706 1312 1746 1372 of

292 1376 347 1436 the
382 1375 486 1435 devil
493 1373 507 1433 ;
535 1374 570 1434 at
591 1369 653 1429 the
680 1368 771 1428 head
805 1368 847 1428 of
868 1368 923 1428 the
958 1368 1160 1428 scriptural
1187 1368 1402 1428 references
1430 1368 1465 1428 an
1499 1367 1652 1427 Angel;
1680 1362 1742 1422 be-

291 1424 396 1484 tween
442 1423 567 1483 them,
593 1418 685 1478 over
718 1416 777 1476 the
816 1416 941 1476 words
981 1416 1040 1476 Nö
1080 1416 1099 1476 o
1151 1416 1257 1476 séptü
1303 1416 1375 1476 est,
1407 1418 1421 1478 a
1460 1416 1585 1476 young
1631 1416 1749 1476 clerk.

298 1472 514 1532 Schreiber,
540 1472 585 1532 i.
605 1472 671 1532 no.
697 1468 808 1528 1863.

350 1560 427 1620 412
463 1558 476 1618 X
512 1556 589 1616 268
623 1552 736 1612 mm.

1561 1628 1654 1688 IC.
1672 1632 1757 1692 29.

351 1640 538 1700 Bought
554 1640 595 1700 in
627 1636 766 1696 May,
790 1636 920 1696 1842.

299 1760 572 1820 TURRIS
636 1752 1153 1812 SAPIENTIAE.

905 1828 1024 1888 The
1074 1832 1512 1892 Netherlands?,
1541 1832 1670 1892 1480
1700 1828 1749 1888 ?)

358 1928 502 1988 Turris
532 1924 743 1984 sapientie
773 1920 940 1980 legatur
971 1920 1016 1980 ab
1046 1920 1242 1980 inferiori
1257 1920 1507 1980 ascendendo
1530 1922 1552 1982 p
1582 1924 1718 1984 seriem

292 1991 402 2051 lrärü
441 1988 693 2048 alphabeti.

1865 528 1926 588 A.
1953 524 2267 584 Fundamentu
2319 520 2449 580 turris
2485 516 2703 576 sapiencie
2746 512 2764 572 e
2808 512 3043 572 humilitas
3070 512 3147 572 que
3192 512 3261 572 est

1798 591 1944 651 mater
1969 584 2215 644 virtutum.

1859 649 1919 709 B.
1949 644 2116 704 Bases:
2146 640 2381 700 diligécia,
2396 640 2594 700 requies,
2609 636 2791 696 veritas,
2814 636 2988 696 modus.

1864 708 1929 768 C.
1953 704 2158 764 Colupne
2183 704 2199 764 :
2233 700 2503 760 Prudencia,
2519 698 2757 758 fortitudo,
2781 696 2985 756 Justicia,
3001 692 3263 752 Teperatia.

1868 765 1933 825 D.
1957 767 2179 827 Capitella
2204 762 2221 822 :
2245 760 2458 820 consilium,
2475 760 2721 820 Stabilitas,
2737 756 2999 816 Rectitudo,
3015 752 3261 812 moralitas.

1864 828 1920 888 E.
1952 828 2161 888 Gradus:
2193 820 2380 880 Oracio,
2404 816 2693 876 Compuctio,
2717 816 2968 876 Confessio,
2984 810 3265 870 penitencia,

1810 888 2099 948 Satisfactio,
2120 880 2402 940 Elemosina,
2424 880 2669 940 Jeiunium.

1866 945 1927 1005 F.
1953 947 2165 1007 Latitudo
2218 944 2350 1004 turris
2395 936 2588 996 sapiécie
2633 932 2659 992 e
2703 936 2889 996 caritas.
2915 935 2941 995 q
2985 931 3056 991 ois
3091 928 3109 988 e
3153 928 3223 988 oib

1802 1008 2045 1068 ordinate.

1867 1068 1935 1128 G.
1965 1064 2169 1124 Altitudo
2200 1063 2276 1123 tris
2306 1058 2321 1118 e
2352 1059 2603 1119 pseuerancia
2640 1056 2655 1116 i
2679 1056 2815 1116 bono.

1867 1128 1936 1188 H.
1967 1125 2099 1185 Porte
2121 1122 2137 1182 :
2168 1120 2439 1180 Obediecia,
2462 1116 2701 1176 Pacientia.

1873 1184 1914 1244 I.
1939 1184 2160 1244 Fenestre
2185 1180 2202 1240 :
2227 1180 2481 1240 Discrecio,
2506 1176 2701 1236 Religio,
2726 1172 2945 1232 Deuocio,
2954 1170 3266 1230 contemplacio.

1869 1244 2016 1304 K-X.
2051 1244 2164 1304 [One
2199 1240 2398 1300 hundred
2434 1236 2512 1296 and
2547 1236 2668 1296 eight
2694 1232 2843 1292 moral
2869 1232 3095 1292 precepts,
3112 1228 3251 1288 shown

1811 1304 1858 1364 as
1886 1308 2037 1368 stones
2065 1304 2093 1364 in
2130 1304 2149 1364 a
2177 1301 2281 1361 wall
2300 1300 2346 1360 of
2374 1296 2525 1356 twelve
2563 1296 2760 1356 courses,
2779 1291 2930 1351 named
2967 1285 3249 1345 respectively

1810 1368 1982 1428 Amor,
2009 1366 2181 1426 gracia,
2208 1360 2371 1420 honor,
2407 1352 2669 1412 Reuerentia,
2696 1352 2986 1412 Compassio,
3022 1348 3265 1408 Mundicia,

1813 1428 2135 1488 misericordia,
2189 1420 2421 1480 Setitudo,
2466 1416 2789 1476 mansuetudo,
2833 1412 3102 1472 Constätia,
3137 1408 3273 1468 Spes,

1797 1484 1950 1544 fides.

1863 1544 1934 1604 Y.
1961 1544 2300 1604 Propugnacula
2327 1538 2345 1598 :
2408 1536 2667 1596 Innocencia,
2720 1532 2917 1592 puritas,
2961 1532 3122 1592 Timor
3176 1529 3275 1589 dei,

1806 1608 2010 1668 castitas,
2034 1604 2310 1664 continecia,
2341 1594 2593 1654 virginitas.

1859 1712 2010 1772 Printed
2033 1708 2113 1768 with
2145 1708 2264 1768 brown
2288 1704 2375 1764 ink.
2415 1700 2494 1760 Size
2518 1704 2558 1764 of
2573 1700 2780 1760 woodcut:
2804 1696 2875 1756 394
2891 1696 2907 1756 x
2930 1696 3018 1756 244.
3057 1692 3280 1752 Schreiber,

1809 1760 1852 1820 ii.
1872 1762 1941 1822 no.
1955 1760 2072 1820 1858.

1882 1873 1963 1933 395
1975 1872 1998 1932 x
2034 1872 2103 1932 246
2149 1864 2255 1924 mm.
2313 1860 2535 1920 Coloured
2570 1856 2605 1916 in
2639 1856 2698 1916 red
2733 1853 2814 1913 and
2849 1850 3023 1910 yellow.

3088 1960 3178 2020 IC.
3203 1961 3277 2021 30.

1880 1980 2063 2040 Bought
2088 1978 2124 2038 in
2159 1974 2289 2034 July,
2306 1976 2445 2036 1849.
