3989 5711
796 555 929 615 top:]
958 556 1054 616 Von
1090 557 1164 617 dem
1216 556 1275 616 iar
1304 559 1444 619 1478.
1503 559 1554 619 So
1599 557 1710 617 hebt
1732 555 1797 615 die
1827 555 1938 615 tafel
1967 555 2026 615 ein
2070 555 2129 615 vni
2151 555 2254 615 wert

803 613 867 673 bis
904 615 1004 675 man
1047 615 1134 675 zelt
1177 616 1313 676 1496.
1364 615 1457 675 [On
1501 619 1522 679 a
1558 619 1695 679 scroll
1724 615 1774 675 on
1817 617 1889 677 the
1932 615 2040 675 left:
2098 615 2248 675 Gleich

803 672 853 732 dz
897 675 989 735 will
1026 675 1127 735 vber
1162 675 1278 735 sich.
1342 676 1428 736 [On
1472 675 1494 735 a
1529 677 1673 737 scroll
1702 679 1752 739 on
1802 675 1874 735 the
1910 675 2062 735 right:
2133 675 2255 735 Aber

802 735 994 795 vngleich
1028 738 1187 798 naiget
1207 736 1297 796 sich
1331 738 1372 798 zü
1406 735 1489 795 dem
1537 739 1729 799 vndern.

854 806 1065 866 Broadside
1089 806 1192 866 folio.
1240 807 1392 867 Printed
1428 807 1507 867 with
1537 807 1658 867 brown
1695 807 1773 867 ink.
1821 807 1840 867 A
1876 807 1972 867 table
2003 805 2148 865 divided
2178 803 2251 863 into

803 855 868 915 228
906 855 1085 915 squares,
1112 855 1167 915 the
1205 855 1286 915 first
1319 855 1481 915 vertical
1503 855 1655 915 column
1693 855 1911 915 containing
1948 855 2008 915 the
2046 858 2084 918 19
2122 855 2252 915 golden

804 903 983 963 numbers
1004 903 1058 963 for
1086 903 1145 963 the
1167 901 1275 961 years
1308 903 1541 963 1478-1496,
1563 907 1660 967 while
1693 903 1747 963 the
1774 903 1986 963 horizontal
2002 903 2170 963 columns
2197 901 2251 961 are

798 951 1009 1011 concerned
1048 951 1132 1011 with
1170 953 1232 1013 the
1276 953 1365 1013 first
1393 955 1571 1015 Sundays
1610 955 1648 1015 of
1677 951 1738 1011 the
1776 952 1954 1012 different
1982 951 2160 1011 months,
2193 951 2261 1011 &c.

805 1000 857 1060 On
891 1003 955 1063 the
978 999 1048 1059 left
1065 999 1106 1059 of
1129 1002 1187 1062 the
1210 1003 1309 1063 table
1332 1003 1361 1063 is
1390 1003 1448 1063 the
1471 1003 1587 1063 figure
1616 1003 1651 1063 of
1674 1003 1686 1063 a
1715 1003 1825 1063 man,
1837 1003 1877 1063 on
1906 999 1969 1059 the
1993 1000 2091 1060 right
2120 999 2202 1059 that
2225 999 2259 1059 of

791 1051 802 1111 a
840 1047 1004 1107 woman,
1020 1051 1080 1111 the
1113 1047 1184 1107 two
1217 1051 1320 1111 being
1359 1051 1566 1111 connected
1604 1051 1643 1111 by
1676 1051 1801 1111 scrolls
1834 1050 2009 1110 reaching
2041 1047 2156 1107 round
2195 1047 2249 1107 the

804 1099 923 1159 upper
945 1099 1108 1159 margin,
1129 1095 1205 1155 with
1238 1099 1379 1159 printed
1411 1099 1650 1159 inscriptions
1677 1099 1715 1159 as
1737 1099 1873 1159 above.
1921 1099 2035 1159 Below
2073 1097 2133 1157 the
2160 1095 2252 1155 table

797 1147 825 1207 is
854 1147 865 1207 a
894 1147 1053 1207 broader
1076 1147 1207 1207 scroll,
1224 1147 1298 1207 also
1327 1147 1407 1207 with
1435 1150 1573 1210 printed
1612 1147 1857 1207 inscription,
1874 1147 1937 1207 and
1971 1147 1999 1207 in
2034 1147 2091 1207 the
2113 1147 2257 1207 middle

799 1195 838 1255 of
861 1195 930 1255 this
952 1195 964 1255 a
1004 1195 1112 1255 circle
1141 1195 1255 1255 round
1289 1195 1346 1255 the
1381 1195 1523 1255 margin
1558 1195 1592 1255 of
1615 1195 1729 1255 which
1763 1195 1826 1255 are
1849 1195 1992 1255 printed
2031 1195 2089 1255 the
2117 1195 2248 1255 golden

801 1243 1002 1303 numbers,
1033 1243 1133 1303 while
1175 1247 1299 1307 within
1346 1247 1376 1307 it
1406 1247 1436 1307 is
1471 1247 1531 1307 the
1566 1247 1655 1307 date
1691 1247 1803 1307 1478,
1827 1243 1975 1303 divided
2023 1243 2053 1303 in
2094 1243 2177 1303 half
2207 1240 2255 1300 by

801 1293 818 1353 a
847 1293 963 1353 small
986 1295 1096 1355 blank
1131 1295 1270 1355 shield.
1322 1295 1473 1355 Weigel
1496 1295 1583 1355 (Die
1612 1295 1780 1355 Anfänge
1809 1295 1873 1355 der
1902 1292 2198 1352 Druckerkunst
2221 1291 2249 1351 in

797 1341 877 1401 Bild
916 1341 991 1401 und
1036 1343 1195 1403 Schrift,
1224 1343 1304 1403 No.
1332 1343 1423 1403 190)
1452 1343 1606 1403 writes:
1645 1343 1771 1403 Diese
1805 1343 1964 1403 Scheibe
2004 1343 2158 1403 besteht
2186 1339 2248 1399 aus

803 1391 906 1451 einem
955 1391 1199 1451 kreisrunden
1232 1391 1487 1451 Mittelstück,
1503 1391 1531 1451 in
1569 1391 1726 1451 welchem
1775 1391 1840 1451 das
1867 1391 2036 1451 Wappen
2068 1389 2128 1449 von
2166 1389 2236 1449 Ulm

804 1436 872 1496 von
895 1442 963 1502 der
986 1441 1208 1501 Jahreszahl
1224 1443 1338 1503 1478,
1349 1443 1383 1503 so
1412 1441 1712 1501 eingeschlossen
1741 1439 1803 1499 ist,
1820 1439 1900 1499 dass
1928 1439 2019 1499 zwei
2036 1439 2161 1499 Ziffern
2195 1437 2257 1497 der

811 1488 987 1548 Jahrzahl
1011 1491 1078 1551 auf
1101 1487 1209 1547 jeder
1232 1491 1335 1551 Seite
1363 1491 1437 1551 sich
1471 1488 1681 1548 befinden,'
1715 1489 1778 1549 but
1806 1487 1983 1547 although
2017 1489 2074 1549 the
2102 1487 2193 1547 town
2227 1490 2262 1550 of

807 1535 874 1595 Ulm
923 1539 952 1599 is
979 1539 1057 1599 said
1091 1539 1124 1599 to
1157 1539 1246 1599 have
1280 1539 1363 1599 used
1397 1539 1408 1599 a
1441 1539 1552 1599 blank
1585 1539 1702 1599 shield
1735 1539 1774 1599 as
1802 1539 1847 1599 its
1875 1538 1997 1598 arms,
2014 1535 2131 1595 which
2164 1536 2259 1596 else¬

804 1587 925 1647 where
953 1587 1092 1647 appear
1120 1587 1159 1647 as
1181 1587 1281 1647 party
1314 1587 1375 1647 per
1403 1587 1475 1647 fess
1502 1587 1603 1647 sable
1630 1587 1692 1647 and
1730 1585 1880 1645 argent,
1897 1587 1908 1647 a
1935 1587 2047 1647 blank
2080 1587 2191 1647 shield
2224 1587 2252 1647 is

808 1635 871 1695 not
894 1635 1081 1695 sufficient
1098 1635 1273 1695 evidence
1301 1635 1354 1695 for
1377 1635 1598 1695 attributing
1627 1635 1685 1695 the
1709 1635 1889 1695 calendar
1912 1635 1941 1695 to
1976 1636 2080 1696 Ulm.

868 1705 950 1765 301
965 1707 987 1767 X
1017 1707 1091 1767 219
1128 1707 1241 1767 mm.
1300 1707 1412 1767 From
1464 1707 1539 1767 the
1576 1707 1748 1767 Weigel
1770 1707 2030 1767 collection.

870 1785 1056 1845 Bought
1080 1783 1113 1843 in
1145 1786 1275 1846 July,
1291 1784 1428 1844 1872.

2105 1783 2197 1843 IB.
2215 1784 2262 1844 6.

813 1911 1288 1971 KALENDER.
1337 1911 1385 1971 [A
1444 1911 1725 1971 perpetual
1755 1907 2007 1967 calendar
2036 1907 2094 1967 of
2123 1907 2249 1967 good

872 1991 970 2051 and
1013 1991 1241 2051 adverse
1277 1991 1480 2051 signs.)

1952 1991 2028 2051 (c.
2062 1991 2274 2051 1480?)

858 2083 1032 2143 aureus
1079 2085 1190 2145 nûs.

1317 2083 1401 2143 Die
1461 2087 1621 2147 guldin
1682 2083 2002 2143 zal.—Tabula
2070 2083 2253 2143 signoru

805 2143 1144 2203 deminucione.
1193 2146 1264 2206 die
1341 2143 1433 2203 lauß
1483 2143 1822 2203 tafel—Tabula
1878 2147 1991 2207 inter
2026 2143 2154 2203 valli.
2189 2143 2260 2203 die

804 2207 989 2267 vrolsche
1048 2205 1450 2265 zwûschédé—xij
1494 2205 1621 2265 signa
1688 2207 1799 2267 quou
1866 2207 2022 2267 qd'libz
2081 2203 2259 2263 respicit

800 2267 948 2327 aliqua
1022 2267 1134 2327 ptem
1185 2267 1268 2327 aut
1297 2267 1475 2327 membu
1520 2267 1557 2327 in
1594 2267 1728 2327 corpe
1765 2267 1980 2327 hominis.

855 2351 1064 2411 Broadside
1090 2351 1241 2411 quarto.
1286 2351 1436 2411 Printed
1476 2351 1554 2411 with
1593 2351 1698 2411 black
1731 2352 1815 2412 ink.
1862 2351 1901 2411 30
1933 2351 2051 2411 lines,
2071 2351 2162 2411 188x
2188 2353 2227 2413 27

796 2402 899 2462 mm.
923 2403 1087 2463 (slightly
1124 2403 1332 2463 cropped).
1386 2399 1465 2459 The
1502 2399 1569 2459 left
1599 2402 1685 2462 half
1709 2399 1752 2459 of
1770 2401 1830 2461 the
1873 2399 1983 2459 sheet
2007 2397 2038 2457 is
2075 2399 2251 2459 occupied

804 2447 848 2507 by
876 2447 887 2507 a
920 2451 1020 2511 table
1048 2451 1093 2511 of
1115 2451 1238 2511 signs,
1254 2451 1321 2511 and
1359 2451 1421 2511 the
1448 2447 1576 2507 letters
1609 2447 1648 2507 of
1677 2447 1732 2507 the
1765 2447 1860 2507 days
1893 2450 1993 2510 when
2026 2447 2127 2507 their
2154 2447 2248 2507 gooc

794 2495 833 2555 or
866 2499 1023 2559 adverse
1056 2499 1241 2559 influence
1279 2499 1397 2559 would
1436 2499 1480 2559 be
1513 2499 1547 2559 in
1586 2499 1642 2559 the
1681 2499 1921 2559 ascendant;
1949 2499 2005 2559 the
2044 2495 2145 2555 right
2178 2495 2261 2555 half

804 2544 849 2604 by
877 2547 935 2607 the
963 2547 1076 2607 figure
1110 2547 1151 2607 of
1173 2547 1184 2607 a
1224 2547 1343 2607 man's
1378 2547 1469 2607 body
1497 2545 1702 2605 connected
1736 2547 1810 2607 with
1849 2547 1906 2607 the
1935 2547 2031 2607 signs
2065 2547 2105 2607 by
2133 2547 2247 2607 which

805 2595 892 2655 each
921 2599 1003 2659 part
1020 2599 1062 2659 or
1085 2595 1254 2655 member
1277 2595 1353 2655 was
1376 2595 1539 2655 believed
1569 2595 1598 2655 to
1627 2595 1668 2655 be
1697 2595 1901 2655 governed.

872 2683 944 2743 188
973 2683 989 2743 x
1018 2686 1098 2746 277
1128 2687 1244 2747 mm.
1303 2687 1521 2747 Coloured
1559 2687 1588 2747 in
1624 2687 1770 2747 brown
1799 2687 1880 2747 and
1909 2687 2070 2747 green.
2120 2683 2230 2743 From

806 2747 878 2807 the
909 2744 1085 2804 Weigel
1109 2747 1341 2807 collection
1372 2747 1485 2807 (No.
1508 2750 1637 2810 287).

867 2841 1055 2901 Bought
1079 2843 1105 2903 in
1148 2842 1275 2902 July,
1300 2843 1427 2903 1872.

2077 2843 2172 2903 IB.
2192 2843 2268 2903 32.

812 2967 1094 3027 MARIA.
1196 2967 1403 3027 Scenes
1433 2967 1535 3027 from
1592 2967 1677 3027 the
1714 2967 1789 3027 life
1826 2967 1884 3027 of
1902 2967 1987 3027 the
2024 2963 2240 3023 Blessed

886 3043 1098 3103 Virgin.

1651 3047 1980 3107 [Germany,
2000 3047 2050 3107 c.
2081 3047 2240 3107 1480.

869 3143 1023 3203 Upper
1054 3143 1145 3203 half
1169 3140 1215 3200 of
1238 3143 1253 3203 a
1284 3143 1399 3203 large
1437 3143 1661 3203 woodcut,
1676 3143 1845 3203 printed
1883 3143 1976 3203 with
2007 3143 2130 3203 black
2168 3143 2229 3203 ink

803 3203 1001 3263 showing
1052 3203 1104 3263 S.
1125 3203 1271 3263 Mary,
1293 3203 1528 3263 crowned,
1550 3203 1645 3263 with
1682 3203 1755 3263 the
1799 3203 1916 3263 Holy
1960 3203 2084 3263 Child
2114 3203 2150 3263 in
2187 3203 2261 3263 her

803 3263 944 3323 arms,
958 3261 1155 3321 standing
1190 3263 1381 3323 between
1409 3263 1458 3323 S.
1472 3263 1648 3323 Joachim
1698 3263 1775 3323 and
1804 3263 1853 3323 S.
1874 3263 2022 3323 Anne.
2057 3263 2114 3323 S.
2128 3263 2220 3323 Mar

807 3319 841 3379 is
880 3319 1002 3379 again
1055 3323 1330 3383 represented
1370 3322 1416 3382 as
1450 3323 1463 3383 a
1510 3323 1644 3383 small
1678 3323 1825 3383 child,
1845 3323 2066 3383 crowned,
2093 3323 2153 3383 led
2200 3321 2246 3381 by

810 3379 860 3439 S.
881 3379 1061 3439 Joachim
1126 3382 1176 3442 by
1212 3383 1284 3443 the
1327 3382 1463 3442 hand,
1485 3383 1563 3443 and
1599 3383 1721 3443 again
1764 3380 1808 3440 as
1844 3383 1937 3443 held
1980 3379 2016 3439 in
2066 3381 2138 3441 the
2174 3381 2259 3441 left

808 3439 876 3499 arm
930 3439 971 3499 of
998 3439 1046 3499 S.
1066 3439 1222 3499 Anne,
1243 3443 1420 3503 adoring
1453 3443 1522 3503 the
1556 3439 1691 3499 infant
1726 3443 1848 3503 Jesus
1882 3442 1998 3502 whom
2052 3442 2100 3502 S.
2120 3442 2249 3502 Anne

808 3499 940 3559 holds
981 3499 1016 3559 in
1051 3499 1134 3559 her
1176 3499 1321 3559 right.
1384 3499 1474 3559 The
1516 3501 1738 3561 complete
1786 3499 1994 3559 woodcut
2029 3499 2251 3559 probably

808 3559 1032 3619 measured
1086 3559 1230 3619 about
1263 3563 1385 3623 380x
1420 3559 1495 3619 250
1535 3560 1672 3620 mm.,
1699 3559 1869 3619 printed
1916 3559 1971 3619 on
2025 3563 2161 3623 paper
2208 3562 2256 3622 of

810 3619 946 3679 about
977 3619 1052 3679 400
1075 3619 1098 3679 x
1128 3619 1204 3679 280
1234 3623 1348 3683 mm.
1408 3619 1666 3679 Schreiber,
1688 3623 1734 3683 11.
1749 3621 1833 3681 no.
1855 3621 1984 3681 1778.

866 3715 1089 3775 Coloured
1144 3715 1176 3775 in
1231 3715 1327 3775 red,
1367 3715 1541 3775 brown,
1582 3715 1765 3775 yellow,
1796 3715 1947 3775 black,
1979 3715 2058 3775 and
2106 3715 2265 3775 green.

808 3775 1041 3835 Preserved
1088 3775 1222 3835 inside
1262 3775 1336 3835 the
1376 3775 1516 3835 upper
1549 3775 1676 3835 cover
1709 3775 1757 3835 of
1783 3775 1803 3835 a
1843 3775 2044 3835 stamped
2090 3775 2257 3835 leather

811 3835 982 3895 binding
1013 3835 1200 3895 labelled
1263 3835 1450 3895 Moralia
1489 3835 1560 3895 sup
1591 3835 1724 3895 bibliâ
1763 3835 1833 3895 fris
1864 3835 2005 3895 Nicol
2020 3835 2075 3895 de
2107 3835 2200 3895 Lira

866 3931 1075 3991 Bought.

2076 3931 2167 3991 IC.
2190 3938 2236 3998 34

818 4055 1007 4115 ROTA
1062 4059 1328 4119 VITAE.

1650 4055 1977 4115 [Germany,
2008 4057 2058 4117 c.
2089 4059 2242 4119 1480.

860 4147 980 4207 Rota
1040 4151 1124 4211 uite
1184 4151 1267 4211 que
1327 4151 1501 4211 fortuna
1562 4151 1916 4211 uocatur.—Est
1969 4151 2090 4211 uelut
2143 4152 2248 4212 aqua

802 4211 1012 4271 labuntur
1040 4211 1244 4271 deficiens
1271 4211 1325 4271 ita
1366 4211 1441 4271 Sic
1468 4211 1618 4271 ornati
1638 4211 1876 4271 nascuntur
1911 4211 1938 4271 in
1972 4211 2046 4271 hac
2080 4211 2264 4271 mortali

804 4270 1245 4330 vita.—Generacio.
1319 4271 1472 4331 Infans
1526 4271 1579 4331 ad
1632 4268 1699 4328 vii
1739 4271 1900 4331 annos.
1960 4271 2154 4331 Puericia
2201 4275 2247 4335 ac

800 4327 858 4387 xy
910 4330 1038 4390 anos.
1109 4331 1399 4391 Adolescentia
1463 4331 1515 4391 ad
1578 4331 1675 4391 xxv
1740 4331 1900 4391 annos.
1971 4331 2158 4391 Iuuëtus
2203 4333 2248 4393 ad

802 4390 934 4450 xxxV
982 4389 1141 4449 annos.
1196 4391 1390 4451 Virilitas
1432 4390 1480 4450 ad
1522 4388 1543 4448 1
1577 4391 1743 4451 annos.
1805 4388 2020 4448 Senectus
2068 4391 2116 4451 ad
2165 4391 2241 4451 lxx

796 4451 958 4511 annos.
1017 4450 1289 4510 Decrepitus
1319 4453 1422 4513 usque
1436 4451 1480 4511 ad
1517 4451 1686 4511 morte.
1753 4451 2024 4511 Corrupcio.

987 4523 1072 4583 Est
1100 4525 1299 4585 hominis
1327 4527 1476 4587 status
1511 4527 1547 4587 in
1589 4527 1695 4587 flore
1731 4527 2015 4587 significatus

1039 4583 1145 4643 Flos
1180 4587 1307 4647 cadit
1335 4587 1378 4647 et
1413 4587 1547 4647 periit
1575 4587 1639 4647 sic
1674 4587 1808 4647 homo
1851 4587 1956 4647 cinis
1992 4587 2070 4647 erit

982 4643 1034 4703 Si
1067 4643 1106 4703 tu
1146 4647 1330 4707 sentires
1369 4647 1467 4707 quis
1500 4647 1618 4707 esses
1657 4647 1703 4707 et
1736 4647 1848 4707 vnde
1887 4647 2044 4707 veni'es

1041 4706 1253 4766 Numqua
1291 4708 1458 4768 rideres
1496 4707 1564 4767 sed
1610 4711 1709 4771 omi
1731 4711 1807 4771 tpe
1846 4707 1974 4767 fleres

2496 555 2613 615 Sunt
2642 555 2752 615 triaq
2803 555 2906 615 uere
2942 555 3023 615 que
3067 555 3205 615 faciut
3235 555 3301 615 me
3344 555 3447 615 sepe
3483 555 3630 615 dolere

2561 614 2643 674 Est
2670 615 2779 675 pmû
2820 615 2930 675 durû
2970 615 2985 675 q
3046 615 3128 675 scio
3169 615 3237 675 me
3278 615 3490 675 morituru

2496 675 2710 735 Secundû
2748 675 2878 735 timeo
2922 675 3020 735 quia
3058 675 3142 735 hoc
3174 675 3323 735 nescio
3362 675 3543 735 quando

2562 735 2677 795 Hinc
2721 738 2865 798 tercium
2894 735 3002 795 flebo
3045 735 3096 795 qod
3125 735 3262 795 nescio
3305 735 3328 795 ù
3370 735 3588 795 manebo.

2373 843 2518 903 Printed
2549 847 2624 907 with
2649 847 2750 907 black
2775 847 2858 907 ink.
2895 847 2970 907 The
2996 847 3128 907 middle
3154 847 3191 907 of
3204 847 3266 907 the
3285 847 3462 907 woodcut
3475 847 3500 907 is
3525 847 3701 907 occupied
3726 845 3770 905 by

2316 898 2333 958 a
2366 894 2499 954 wheel,
2516 895 2627 955 made
2660 895 2699 955 by
2727 895 2794 955 two
2827 898 3038 958 concentric
3072 895 3199 955 circles
3233 895 3394 955 between
3427 895 3544 955 which
3577 895 3638 955 run
3672 895 3777 955 eight

2316 943 2476 1003 spokes,
2493 943 2572 1003 with
2606 943 2669 1003 the
2692 943 2811 1003 naked
2845 944 2959 1004 figure
2988 943 3028 1003 of
3050 943 3062 1003 a
3090 943 3170 1003 man
3198 943 3352 1003 holding
3386 943 3426 1003 by
3461 943 3580 1003 hands
3603 943 3671 1003 and
3705 943 3780 1003 feet

2316 991 2350 1051 to
2378 991 2458 1051 four
2481 991 2514 1051 of
2531 991 2656 1051 them,
2674 993 2736 1053 and
2764 995 2912 1055 leaning
2941 994 3031 1054 body
3060 991 3128 1051 and
3156 991 3247 1051 head
3275 991 3429 1051 against
3452 991 3463 1051 a
3491 992 3588 1052 fifth.
3639 991 3769 1051 Round

2319 1040 2374 1100 the
2413 1039 2519 1099 inner
2552 1041 2663 1101 circle
2696 1043 2740 1103 or
2774 1043 2840 1103 hub
2879 1043 2924 1103 of
2951 1043 3012 1103 the
3051 1043 3173 1103 wheel
3207 1043 3234 1103 is
3267 1039 3456 1099 inscribed
3495 1043 3556 1103 the
3594 1043 3772 1103 sentence

2316 1089 2521 1149 beginning
2554 1091 2645 1151 Rota
2679 1091 2753 1151 uite
2781 1091 2792 1151 ;
2821 1091 2934 1151 round
2968 1091 3025 1151 the
3054 1091 3178 1151 outer,
3206 1091 3275 1151 Est
3303 1091 3405 1151 uelut
3428 1089 3524 1149 aqua
3552 1089 3569 1149 .
3592 1091 3644 1151 ..
3694 1090 3768 1150 The

2316 1135 2435 1195 words
2468 1139 2674 1199 Generacio
2707 1139 2772 1199 and
2810 1139 3017 1199 Corrupcio
3044 1139 3098 1199 are
3131 1139 3316 1199 inscribed
3349 1139 3386 1199 on
3413 1139 3544 1199 scrolls
3577 1139 3767 1199 displayed

2323 1184 2362 1244 by
2389 1187 2428 1247 an
2461 1187 2578 1247 angel
2600 1187 2678 1247 who
2711 1187 2844 1247 stands
2872 1187 3027 1247 beneath
3060 1187 3121 1247 the
3155 1187 3282 1247 circles
3310 1187 3349 1247 or
3371 1187 3504 1247 wheel.
3554 1187 3632 1247 The
3659 1187 3770 1247 seven

2316 1235 2560 1295 inscriptions
2593 1235 3004 1295 Infans—Decrepitus
3044 1239 3216 1299 describe
3249 1236 3383 1296 figures
3416 1235 3677 1295 representing
3716 1235 3777 1295 the

2315 1283 2421 1343 seven
2453 1290 2543 1350 ages
2564 1284 2601 1344 of
2622 1287 2734 1347 man,
2750 1287 2851 1347 three
2877 1287 2914 1347 on
2945 1287 3030 1347 each
3062 1287 3137 1347 side
3163 1287 3200 1347 of
3226 1287 3285 1347 the
3311 1287 3449 1347 wheel,
3465 1287 3566 1347 while
3597 1283 3777 1343 Iuuentus

2315 1331 2415 1391 rides
2442 1332 2479 1392 on
2511 1335 2569 1395 the
2595 1335 2675 1395 top.
2734 1335 2808 1395 The
2835 1335 2962 1395 verses
2983 1335 3042 1395 are
3068 1335 3131 1395 cut
3153 1335 3180 1395 in
3206 1335 3275 1395 two
3307 1335 3477 1395 columns
3498 1335 3535 1395 at
3561 1333 3620 1393 the
3646 1334 3726 1394 foot
3747 1333 3780 1393 of

2316 1379 2375 1439 the
2407 1383 2538 1443 sheet,
2559 1383 2625 1443 but
2646 1383 2706 1443 are
2738 1383 2825 1443 read
2857 1383 3009 1443 across.
3075 1383 3177 1443 Close
3216 1383 3248 1443 to
3280 1383 3340 1443 the
3373 1383 3487 1443 angel
3514 1383 3541 1443 is
3573 1383 3633 1443 the
3665 1382 3773 1442 name

2324 1431 2428 1491 Clau,
2452 1431 2515 1491 and
2545 1431 2556 1491 a
2585 1431 2684 1491 mark
2713 1431 2783 1491 like
2812 1434 2823 1494 a
2853 1431 2893 1491 Y.
2946 1435 3021 1495 The
3056 1435 3230 1495 woodcut
3253 1435 3451 1495 measures
3480 1435 3538 1495 387
3561 1435 3573 1495 x
3602 1435 3666 1495 269
3690 1435 3789 1495 mm.

2313 1483 2547 1543 Schreiber,
2560 1483 2607 1543 ii.
2621 1483 2687 1543 no.
2708 1483 2822 1543 1883.

2380 1594 2454 1654 403
2485 1594 2499 1654 X
2529 1591 2610 1651 281
2648 1593 2768 1653 mm.
2827 1591 3051 1651 Coloured
3095 1592 3132 1652 in
3170 1595 3275 1655 red,
3297 1591 3483 1651 yellow,
3505 1595 3670 1655 green,
3692 1591 3766 1651 and

2313 1651 2470 1711 black.
2529 1651 2765 1711 Preserved
2797 1651 2836 1711 on
2876 1651 2948 1711 the
2981 1651 3111 1711 inside
3145 1651 3190 1711 of
3210 1651 3281 1711 the
3314 1652 3445 1712 lower
3471 1651 3603 1711 cover
3629 1652 3674 1712 of
3700 1652 3766 1712 the

2322 1715 2438 1775 same
2468 1715 2530 1775 old
2569 1715 2769 1775 stamped
2801 1715 2969 1775 leather
3001 1715 3179 1775 binding
3209 1715 3255 1775 as
3286 1715 3370 1775 IC.
3394 1721 3472 1781 34.

3597 1715 3689 1775 IC.
3709 1725 3791 1785 35.

2325 1891 2645 1951 SPIEGEL
2709 1891 2848 1951 DER
2911 1887 3380 1947 VERNUNFT.

3168 1975 3502 2035 [Germany,
3533 1981 3575 2041 c.
3606 1983 3795 2043 1490.)

2764 2095 2953 2155 Spiegel
2985 2091 3032 2151 d'
3079 2091 3307 2151 vernunft.

2324 2150 2420 2210 Wir
2449 2154 2551 2214 drei
2580 2155 2676 2215 sind
2757 2155 2822 2215 ein
2859 2155 2947 2215 got
2976 2152 3043 2212 vn
3064 2155 3189 2215 herre
3270 2155 3380 2215 vber
3409 2155 3489 2215 alle
3533 2155 3731 2215 geslecht

2329 2215 2480 2275 Darüb
2510 2215 2646 2275 pilgrä
2707 2211 2798 2271 sich
2828 2215 2889 2275 hie
2919 2211 2949 2271 in
2979 2215 3055 2275 den
3123 2211 3304 2271 spiegel
3319 2215 3599 2275 d'vernunfft
3614 2215 3735 2275 recht

2329 2270 2432 2330 Wan
2477 2275 2655 2335 kumstu
2736 2271 2826 2331 wer
2863 2275 2974 2335 pistu
3011 2271 3063 2331 vn
3145 2272 3226 2332 wie
3264 2271 3405 2331 lebstu
3449 2275 3531 2335 frag
3576 2275 3642 2335 ich

2329 2332 2382 2392 wo
2427 2335 2570 2395 mustu
2609 2335 2684 2395 hin
2721 2335 2918 2395 vno
2956 2335 3144 2395 pleibstu
3190 2335 3325 2395 ewig-
3364 2335 3476 2395 lich.

2323 2446 2420 2506 Sich
2464 2447 2636 2507 hintter
2666 2445 2762 2505 dich
2807 2447 2971 2507 pilgram
3039 2447 3112 2507 vnd
3158 2443 3321 2503 gedeck
3396 2447 3559 2507 daran.

2328 2503 2426 2563 Was
2462 2503 2567 2563 gûtz
2610 2507 2673 2567 dir
2708 2507 2807 2567 gott
2842 2507 2920 2567 vnd
2962 2507 3061 2567 dein
3145 2507 3357 2567 nâchster
3392 2507 3491 2567 hatt
3526 2507 3717 2567 gethan.

2320 2563 2443 2623 Auch
2484 2564 2573 2624 was
2607 2564 2661 2624 du
2736 2563 2873 2623 wider
2907 2566 2948 2626 sy
2996 2564 3153 2624 gethan
3201 2563 3304 2623 hast
3331 2563 3358 2623 d
3413 2567 3618 2627 vnrechtt
3686 2567 3747 2627 ist

2326 2622 2389 2682 Vn
2429 2627 2618 2687 bedenck
2667 2627 2880 2687 hinwider
2912 2627 2999 2687 was
3031 2627 3086 2687 du
3125 2627 3158 2687 in
3197 2627 3395 2687 schuldig
3442 2627 3593 2687 züthan
3633 2627 3743 2687 bist.

2324 2738 2421 2798 Sich
2469 2740 2582 2800 über
2606 2739 2695 2799 dich
2736 2741 2897 2801 pilgram
2962 2739 3051 2799 dein
3091 2739 3156 2799 sel
3180 2739 3236 2799 ist
3269 2741 3341 2801 ge-
3382 2743 3519 2803 pildet
3551 2743 3656 2803 nach
3689 2743 3795 2803 got.

2334 2797 2398 2857 Du
2438 2799 2527 2859 solt
2559 2803 2624 2863 hie
2672 2803 2753 2863 pûß
2785 2799 2890 2859 thûn
2930 2799 3018 2859 vnd
3059 2801 3196 2861 gancz
3236 2799 3373 2859 haltte
3413 2803 3526 2863 seine
3566 2803 3703 2863 gebot

2331 2859 2460 2919 Hoffe
2503 2861 2583 2921 vnd
2625 2861 2776 2921 gelaub
2826 2860 2863 2920 so
2905 2859 2999 2919 will
3028 2859 3070 2919 er
3106 2859 3178 2919 dir
3235 2859 3400 2919 geben.

2330 2921 2411 2981 Hie
2451 2923 2565 2983 gnad
2605 2923 2695 2983 vnd
2735 2923 2922 2983 darnach
2995 2919 3132 2979 ewigs
3165 2919 3319 2979 leben.

2322 3030 2420 3090 Sich
2465 3031 2615 3091 vntter
2646 3031 2729 3091 sich
2774 3035 2941 3095 pilgram
3001 3031 3098 3091 dein
3137 3031 3212 3091 leib
3288 3033 3454 3093 kumpt
3491 3031 3536 3091 vo
3582 3035 3710 3095 erden

2327 3089 2418 3149 Vnd
2459 3091 2584 3151 wirtt
2611 3091 2716 3151 auch
2785 3091 3029 3151 widervmb
3070 3091 3118 3151 zû
3160 3091 3320 3151 erden.

2326 3150 2433 3210 Wilt
2472 3151 2518 3211 du
2564 3151 2649 3211 hye
2726 3151 2795 3211 die
2834 3151 2941 3211 sund
2987 3151 3049 3211 nit
3087 3151 3219 3211 lassen
3265 3148 3349 3208 vnd
3388 3152 3612 3212 meyden.

2326 3211 2382 3271 So
2463 3211 2584 3271 mûst
2617 3211 2673 3271 du
2714 3211 2900 3271 darvmb
2932 3211 3086 3271 grosse
3126 3211 3223 3271 pein
3264 3211 3361 3271 ley¬
3401 3211 3474 3271 den

2327 3321 2419 3381 Sich
2469 3323 2536 3383 für
2569 3323 2661 3383 dich
2710 3323 2877 3383 pilgram
2935 3323 3019 3383 hye
3060 3323 3135 3383 be¬
3176 3323 3352 3383 leybest
3385 3323 3435 3383 du
3485 3327 3626 3387 nicht.

2322 3381 2391 3441 Du
2430 3383 2553 3443 müst
2584 3387 2731 3447 sterbe
2808 3383 2885 3443 vnd
2931 3383 3000 3443 sür
3039 3383 3154 3443 [für)
3185 3383 3262 3443 das
3301 3383 3431 3443 letzst
3471 3387 3647 3447 gericht

2331 3440 2405 3500 Vni
2429 3443 2560 3503 waist
2626 3443 2691 3503 nit
2724 3443 2847 3503 wann
2887 3443 2977 3503 wye
3019 3442 3101 3502 vnd
3150 3443 3290 3503 wohin
3330 3444 3519 3504 darnach

2324 3503 2449 3563 Allso
2489 3503 2630 3563 schick
2677 3503 2771 3563 dich
2818 3505 2950 3565 darzu
2982 3506 3068 3566 mit
3099 3503 3249 3563 recht¬
3280 3505 3350 3565 ter
3381 3507 3514 3567 gach.

2372 3615 2517 3675 Printed
2559 3612 2634 3672 with
2676 3615 2787 3675 black
2828 3615 2912 3675 ink.
2974 3615 2994 3675 A
3036 3611 3174 3671 double
3209 3615 3320 3675 circle
3354 3613 3451 3673 upon
3493 3615 3610 3675 which
3645 3615 3776 3675 stands

2312 3663 2329 3723 a
2369 3663 2448 3723 pair
2482 3663 2522 3723 of
2551 3663 2795 3723 compasses.
2840 3663 2977 3723 Round
3016 3663 3078 3723 the
3112 3663 3340 3723 compasses
3374 3663 3403 3723 is
3442 3662 3572 3722 wound
3613 3663 3630 3723 a
3664 3663 3782 3723 scroll

2317 3711 2473 3771 bearing
2513 3711 2571 3771 the
2612 3711 2739 3771 stanza
2780 3713 2983 3773 beginning
3035 3711 3134 3771 "Wir
3168 3711 3255 3771 drei
3284 3711 3406 3771 sind'
3434 3711 3487 3771 (in
3533 3713 3690 3773 allusion
3736 3714 3770 3774 to

2318 3762 2330 3822 a
2366 3759 2663 3819 representation
2706 3759 2749 3819 of
2779 3759 2840 3819 the
2876 3759 2974 3819 Holy
3004 3759 3144 3819 Trinity
3187 3759 3229 3819 at
3259 3759 3320 3819 the
3357 3759 3418 3819 top
3460 3759 3502 3819 of
3533 3761 3594 3821 the
3636 3759 3789 3819 circle),

2317 3811 2386 3871 and
2426 3811 2444 3871 a
2484 3807 2647 3867 broader
2676 3807 2792 3867 scroll
2826 3810 2896 3870 juts
2931 3810 3000 3870 out
3029 3807 3110 3867 from
3162 3811 3284 3871 either
3319 3808 3394 3868 side
3429 3807 3470 3867 of
3498 3811 3591 3871 this,
3620 3811 3770 3871 bearing

2318 3859 2378 3919 the
2414 3859 2487 3919 title
2511 3859 2523 3919 :
2559 3859 2729 3919 Spiegel
2747 3859 2783 3919 d'
2838 3859 3044 3919 vernunft.'
3098 3859 3135 3919 In
3171 3859 3225 3919 the
3256 3859 3364 3919 inner
3395 3859 3503 3919 circle
3534 3859 3558 3919 is
3588 3859 3606 3919 a
3637 3856 3776 3916 picture

2322 3904 2362 3964 of
2379 3907 2390 3967 a
2419 3907 2544 3967 pilgrim
2589 3907 2748 3967 crossing
2777 3907 2793 3967 a
2816 3907 2964 3967 wooden
2992 3907 3146 3967 bridge,
3163 3907 3197 3967 at
3220 3905 3277 3965 the
3305 3907 3424 3967 centre
3453 3907 3487 3967 of
3504 3907 3618 3967 which
3646 3907 3777 3967 stands

2320 3955 2332 4015 a
2361 3955 2468 4015 pillar
2486 3955 2730 4015 surmounted
2759 3957 2801 4017 by
2824 3957 2837 4017 a
2860 3955 3032 4015 crucifix.
3074 3955 3216 4015 On-the
3240 3955 3347 4015 pillar
3371 3955 3400 4015 is
3418 3955 3638 4015 inscribed:
3679 3955 3774 4015 Lieb

2317 4001 2388 4061 got
2411 4003 2495 4063 dein
2530 4003 2589 4063 hrn
2631 4004 2797 4064 genzlich
2838 4003 2904 4063 vnd
2945 4003 3052 4063 deine
3087 4003 3265 4063 nechsten
3306 4003 3366 4063 als
3395 4003 3478 4063 dich
3520 4003 3614 4063 wiltu
3668 4003 3768 4063 leben

2318 4051 2537 4111 ewigelich.
2597 4055 2644 4115 As
2679 4055 2739 4115 the
2774 4055 2905 4115 pilgrim
2958 4051 3195 4111 approaches
3225 4051 3320 4111 this,
3332 4051 3438 4111 death
3474 4051 3604 4111 shoots
3640 4051 3676 4111 at
3688 4052 3782 4112 him,

2317 4099 2386 4159 and
2415 4102 2432 4162 a
2462 4099 2566 4159 devil
2583 4103 2677 4163 pulls
2700 4103 2734 4163 at
2758 4103 2816 4163 his
2839 4103 2967 4163 cloak.
3019 4100 3130 4160 Below
3164 4099 3223 4159 the
3258 4102 3386 4162 bridge
3414 4102 3472 4162 are
3502 4101 3606 4161 three
3629 4103 3780 4163 graves.

2321 4150 2425 4210 Over
2444 4151 2505 4211 the
2531 4153 2660 4213 pilgrim
2703 4151 2734 4211 is
2759 4151 2771 4211 a
2802 4151 2912 4211 scroll
2931 4151 3153 4211 inscribed:
3172 4148 3221 4208 'O
3258 4150 3319 4210 her
3344 4148 3388 4208 du
3412 4151 3504 4211 waiß
3535 4152 3591 4212 pis
3610 4151 3769 4211 genedig

2318 4197 2396 4257 mir
2463 4199 2547 4259 dein
2584 4199 2656 4259 will
2680 4199 2838 4259 gescheh
2874 4199 2947 4259 hilf
2971 4199 3038 4259 mir
3056 4199 3092 4259 zu
3123 4199 3213 4259 dir.'
3268 4199 3340 4259 The
3376 4199 3485 4259 space
3515 4199 3679 4259 between
3716 4199 3770 4259 the

2325 4247 2385 4307 two
2427 4247 2560 4307 circles
2597 4248 2627 4308 is
2663 4247 2814 4307 divided
2857 4247 2930 4307 into
2972 4247 3081 4307 eight
3111 4247 3438 4307 compartments,
3462 4247 3504 4307 of
3535 4247 3656 4307 which
3698 4247 3777 4307 four

2319 4295 2463 4355 contain
2508 4299 2568 4359 the
2607 4299 2680 4359 last
2713 4299 2796 4359 four
2829 4299 2979 4359 stanzas
3012 4295 3245 4355 transcribed
3284 4295 3428 4355 above,
3456 4295 3522 4355 and
3567 4298 3628 4358 the
3667 4295 3772 4355 other

2320 4347 2401 4407 four
2424 4347 2749 4407 representations
2779 4347 2819 4407 of
2842 4347 2952 4407 pious
2981 4343 3051 4403 and
3092 4347 3255 4407 careless
3284 4343 3423 4403 living,
3440 4347 3499 4407 the
3539 4347 3784 4407 Judgement,

2318 4395 2526 4455 Purgatory
2557 4395 2626 4455 and
2664 4395 2771 4455 Hell,
2790 4395 2853 4455 and
2885 4395 2942 4455 the
2973 4393 3068 4453 Holy
3105 4395 3244 4455 Trinity
3282 4391 3313 4451 in
3344 4393 3527 4453 Heaven.
3577 4395 3772 4455 Measure¬

2313 4442 2420 4502 ment
2455 4443 2497 4503 of
2526 4443 2734 4503 woodcut:
2764 4443 2835 4503 387
2853 4443 2865 4503 x
2894 4443 2954 4503 276
2990 4443 3091 4503 mm.
3150 4443 3328 4503 Another
3364 4443 3524 4503 edition,
3554 4443 3773 4503 apparently

2316 4495 2466 4555 slightly
2492 4491 2630 4551 earlier
2651 4492 2735 4552 than
2762 4495 2860 4555 this,
2873 4492 2900 4552 is
2926 4491 3117 4551 described
3149 4491 3188 4551 by
3221 4491 3438 4551 Schreiber,
3457 4491 3497 4551 ii.
3517 4493 3582 4553 no.
3596 4492 3708 4552 1861.

2378 4610 2452 4670 394
2485 4605 2500 4665 X
2533 4606 2616 4666 287
2648 4603 2763 4663 mm.

2388 4710 2568 4770 Bought
2597 4711 2634 4771 in
2663 4715 2787 4775 July,
2805 4712 2947 4772 1864.
