4059 5700
310 3480 707 3540 NICOLAUS
756 3479 833 3539 V.
901 3480 1269 3540 Indulgencé,
1298 3476 1473 3536 issued
1521 3470 1580 3530 by
1638 3472 1775 3532 Pau¬

378 3560 512 3620 linus
556 3564 817 3624 Chappe,
852 3560 1345 3620 Proctor-General
1381 3556 1444 3616 of
1471 3556 1560 3616 the
1613 3556 1748 3616 King

377 3637 429 3697 of
456 3640 700 3700 Cyprus,
726 3644 762 3704 to
805 3643 1172 3703 contributors
1207 3640 1250 3700 to
1285 3640 1373 3700 the
1416 3636 1521 3696 war
1547 3636 1765 3696 against

379 3719 463 3779 the
500 3724 696 3784 Turks.
771 3724 967 3784 Fourth
1014 3724 1182 3784 issue.
1257 3724 1415 3784 1455.

1565 3724 1777 3784 [1455.)

370 3809 596 3869 Vniuersis
669 3816 954 3876 Cristifidelib
1049 3816 1180 3876 pntes
1254 3816 1436 3876 litteras
1487 3812 1757 3872 inspecturis

312 3876 509 3936 paulinus
539 3879 722 3939 Chappe
751 3880 1007 3940 Consiliari?
1037 3876 1337 3936 Ambasiator
1358 3873 1380 3933 z
1403 3872 1607 3932 pcurator
1629 3871 1762 3931 gene¬

308 3929 399 3989 ralis
428 3932 768 3992 Sere¬nissimi
790 3936 918 3996 Regis
946 3939 1088 3999 Cypri
1109 3937 1123 3997 in
1137 3936 1209 3996 hac
1244 3936 1308 3996 pte
1343 3932 1499 3992 Salutem
1520 3932 1549 3992 in
1585 3932 1670 3992 dno
1698 3928 1762 3988 Cum

312 3988 563 4048 Sactissim?
599 3996 614 4056 i
636 3996 722 4056 xpo
758 3999 808 4059 pr
830 4000 851 4060 a
880 4000 959 4060 diis
988 4000 1053 4060 nr.
1074 3996 1154 4056 dnis
1182 3996 1362 4056 Nicola?
1398 3992 1506 4052 diuia
1542 3992 1764 4052 puidetia.

314 4052 414 4112 papa
442 4049 514 4109 v°.
543 4056 744 4116 afflictioni
772 4059 980 4119 Re-gni
1016 4056 1159 4116 Cypri
1195 4052 1538 4112 misericorditer
1575 4052 1760 4112 opatiens.

305 4108 454 4168 contra
489 4118 713 4178 pfidissions
740 4119 875 4179 crucis
902 4120 984 4180 xpi
1011 4116 1188 4176 hostes.
1208 4114 1433 4174 Theucros
1460 4112 1480 4172 i
1507 4112 1751 4172 Saracenos

301 4165 438 4225 gratis
466 4176 654 4236 concessit
676 4176 820 4236 omibz
848 4176 1109 4236 xpifidelibz
1137 4176 1325 4236 vbilibet
1361 4172 1578 4232 ostitutis
1613 4172 1707 4232 ipos
1736 4169 1750 4229 p

304 4231 534 4291 aspsionem
583 4232 729 4292 saguis
756 4240 847 4300 dnni
861 4240 931 4300 nri
952 4236 1028 4296 ihum
1049 4236 1139 4296 xpi
1168 4232 1230 4292 pie
1265 4232 1515 4292 exhortando
1551 4228 1627 4288 qui
1647 4228 1752 4288 infra

311 4289 470 4349 trienium
491 4292 505 4352 a
539 4295 671 4355 prima
705 4296 767 4356 die
802 4300 919 4360 Maii
940 4297 1065 4357 Anni
1086 4296 1162 4356 dni
1183 4292 1383 4352 Mcccclii
1404 4288 1688 4348 incipiendum

311 4353 334 4413 p
364 4353 579 4413 defensione
617 4360 831 4420 catholice
870 4359 977 4419 fidei
1007 4356 1030 4416 1
1054 4352 1207 4412 Regni
1230 4352 1383 4412 pdicti
1407 4352 1460 4412 de
1498 4348 1758 4408 facultatibz

307 4403 388 4463 suis
416 4412 553 4472 magis
580 4412 648 4472 vel
669 4416 778 4476 minus
805 4416 935 4476 prout
955 4416 1051 4476 iponr
1078 4413 1242 4473 videbit
1269 4412 1515 4472 oscientiis.
1529 4408 1761 4468 procuribz

311 4464 378 4524 vel
405 4472 548 4532 nuciis
590 4477 909 4537 Sub-stitutis
950 4472 1018 4532 pie
1059 4476 1345 4536 erogauerint
1379 4471 1434 4531 vt
1467 4468 1753 4528 Confessores

313 4528 479 4588 ydonei
521 4536 749 4596 seculares
804 4534 873 4594 vel
921 4536 1178 4596 Regulares
1233 4532 1308 4592 per
1364 4530 1488 4590 ipsos
1557 4524 1758 4584 eligendi

306 4589 567 4649 ofessionibz
605 4596 683 4656 eon
736 4596 929 4656 auditis.
975 4596 999 4656 p
1052 4594 1230 4654 omissis
1275 4592 1360 4652 etia
1414 4588 1753 4648 SediApice

315 4648 538 4708 reseruatis
564 4648 794 4708 excessibz
820 4656 991 4716 crimibz
1024 4656 1116 4716 atque
1129 4656 1299 4716 delictis
1333 4652 1575 4712 quantuncumque
1588 4648 1759 4708 grauibz

311 4708 324 4768 p
365 4710 439 4770 vna
474 4712 562 4772 vice
596 4716 678 4776 tatu
725 4716 868 4776 debita
908 4716 1194 4776 absolutionem
1221 4712 1561 4772 impendere...
1616 4708 1650 4768 l.
1677 4708 1758 4768 19:

1827 3470 1897 3530 ...
1920 3465 1959 3525 In
1998 3466 2201 3526 veritatis
2225 3464 2427 3524 testimo¬
2466 3463 2560 3523 nium
2606 3460 2793 3520 Sigillum
2840 3456 2886 3516 ad
2918 3458 2996 3518 hoc
3019 3456 3253 3516 ordinatum

1826 3528 2079 3588 presentibz
2116 3524 2280 3584 litteris
2317 3524 2667 3584 testimonialibz
2704 3520 2771 3580 est
2808 3520 3039 3580 appensum
3106 3520 3255 3580 Datum

1915 3584 2047 3644 Anno
2081 3587 2157 3647 dnni
2178 3584 2366 3644 Mccccly
2435 3581 2622 3641 dieuero
2712 3576 2885 3636 Mensis

3101 3577 3265 3637 Forma

1830 3648 2077 3708 plenissime
2126 3644 2423 3704 absolutionis
2465 3644 2508 3704 et
2543 3640 2818 3700 remissionis
2861 3636 2896 3696 in
2945 3640 3058 3700 vita.
3129 3636 3165 3696 l.
3193 3636 3285 3696 28:

1833 3704 1986 3764 Forma
2033 3704 2227 3764 plenarie
2273 3704 2547 3764 remissionis
2594 3700 2627 3760 in
2681 3698 2835 3758 mortis
2868 3696 3081 3756 articulo.
3129 3696 3169 3756 l.
3202 3701 3275 3761 31,

1827 3764 1930 3824 END
1961 3767 1977 3827 :
2009 3764 2056 3824 In
2088 3764 2183 3824 noie
2215 3764 2301 3824 pris
2333 3764 2373 3824 et
2397 3764 2483 3824 filii
2507 3763 2555 3823 et
2579 3760 2681 3820 spûs
2705 3760 2855 3820 sancti
2879 3756 3045 3816 Amen.

1879 3880 2024 3940 Oblong
2056 3880 2155 3940 slip.
2201 3880 2240 3940 31
2263 3880 2392 3940 lines;
2416 3880 2485 3940 175
2500 3880 2515 3940 X
2538 3880 2608 3940 234
2631 3878 2722 3938 mm.
2769 3872 2922 3932 Types:
2953 3872 3060 3932 165b,
3075 3874 3274 3934 headings,

1821 3933 1987 3993 opening
2019 3932 2160 3992 words,
2186 3932 2274 3992 &c.;
2300 3928 2370 3988 96,
2383 3928 2479 3988 text.

1880 4024 1951 4084 The
1983 4024 2062 4084 first
2078 4025 2181 4085 three
2205 4024 2324 4084 issues
2348 4024 2388 4084 of
2403 4024 2483 4084 this
2507 4020 2729 4080 Indulgence
2760 4016 2808 4076 all
2824 4016 2911 4076 bear
2935 4013 2991 4073 the
3014 4016 3157 4076 printed
3189 4015 3268 4075 date

1826 4075 2073 4135 Mccccliiii..
2101 4076 2137 4136 In
2179 4072 2236 4132 the
2271 4072 2356 4132 first
2377 4072 2476 4132 issue
2511 4071 2617 4131 parts
2645 4071 2688 4131 of
2709 4067 2780 4127 two
2815 4063 2907 4123 lines
2935 4063 2999 4123 are
3027 4064 3098 4124 left
3126 4064 3183 4124 for
3211 4062 3274 4122 the

1819 4123 1957 4183 names
1977 4124 2013 4184 of
2027 4124 2310 4184 contributors;
2337 4120 2365 4180 in
2392 4120 2455 4180 the
2476 4120 2634 4180 second,
2649 4116 2724 4176 part
2745 4114 2779 4174 of
2793 4112 2855 4172 one
2884 4112 2952 4172 line
2980 4112 3042 4172 and
3069 4112 3132 4172 the
3153 4112 3270 4172 whole

1829 4172 1863 4232 of
1890 4173 2080 4233 another;
2114 4172 2142 4232 in
2182 4169 2243 4229 the
2278 4172 2400 4232 third,
2427 4168 2508 4228 part
2543 4168 2584 4228 of
2611 4168 2678 4228 one
2713 4164 2781 4224 line
2814 4162 2923 4222 only.
2971 4161 3059 4221 (See
3093 4160 3278 4220 Hessels'

1828 4223 2082 4283 Gutenberg:
2102 4219 2176 4279 was
2209 4218 2249 4278 he
2283 4219 2343 4279 the
2376 4216 2557 4276 Inventor
2584 4216 2624 4276 of
2650 4210 2851 4270 Printing?
2878 4210 2991 4270 1882,
3011 4209 3112 4269 plate
3145 4208 3265 4268 facing

1825 4272 1981 4332 p.150.)
2035 4268 2129 4328 This
2152 4268 2277 4328 fourth
2308 4268 2402 4328 issue
2433 4268 2566 4328 differs
2589 4263 2668 4323 from
2706 4260 2769 4320 the
2800 4256 2894 4316 third
2917 4257 3003 4317 only
3027 4260 3058 4320 in
3089 4258 3152 4318 the
3175 4259 3285 4319 date.

1827 4318 1841 4378 A
1876 4320 2059 4380 facsimile
2087 4318 2122 4378 of
2143 4316 2157 4376 a
2193 4316 2277 4376 copy
2305 4316 2347 4376 of
2369 4316 2425 4376 the
2453 4316 2530 4376 first
2552 4312 2650 4372 issue
2671 4308 2756 4368 with
2784 4308 2847 4368 the
2868 4308 3002 4368 blanks
3030 4308 3143 4368 filled,
3164 4308 3262 4368 dated

1830 4368 1867 4428 12
1896 4368 2137 4428 November,
2159 4366 2189 4426 is
2218 4364 2328 4424 given
2364 4360 2408 4420 by
2438 4360 2664 4420 Schwenke,
2686 4356 2752 4416 Die
2781 4356 2935 4416 Donat-
2957 4356 3030 4416 und
3060 4355 3271 4415 Kalender¬

1827 4413 1909 4473 type
1954 4416 2106 4476 (1903),
2136 4416 2249 4476 Tafel
2272 4416 2317 4476 i;
2362 4412 2377 4472 a
2423 4412 2491 4472 full
2521 4408 2703 4468 facsimile
2740 4404 2785 4464 of
2815 4404 2876 4464 the
2914 4404 3072 4464 present
3102 4400 3193 4460 copy
3239 4401 3269 4461 in

1824 4468 2051 4528 Facsimiles
2097 4468 2176 4528 from
2230 4464 2332 4524 early
2370 4460 2512 4520 printed
2558 4456 2683 4516 books
2714 4456 2754 4516 in
2800 4454 2863 4514 the
2910 4456 3043 4516 British
3090 4452 3254 4512 Museum

1832 4519 1989 4579 (1897).

1891 4628 1957 4688 On
1985 4628 2173 4688 vellum.
2230 4625 2315 4685 201
2333 4625 2353 4685 X
2390 4624 2466 4684 282
2493 4620 2606 4680 mm.

3074 4687 3174 4747 IA.
3200 4688 3272 4748 62.

1894 4704 2072 4764 Bought
2098 4705 2134 4765 in
2169 4704 2392 4764 October,
2410 4700 2543 4760 1875.
