3989 5711
797 549 1214 609 DONATUS,
1251 551 1488 611 AELIUS.
1564 551 1640 611 De
1697 551 1810 611 octo
1858 551 2104 611 partibus
2151 555 2265 615 ora¬

864 630 1064 690 tionis.

1948 641 2019 701 (c.
2049 643 2232 703 1455?

835 715 967 775 Folio.
1020 719 1106 779 Jal.
1172 718 1212 778 14
1244 719 1390 779 leaves.
1443 719 1509 779 102
1522 719 1536 779 :
1562 720 1602 780 27
1635 723 1747 783 lines,
1767 723 1859 783 220X
1892 723 1952 783 148
1978 723 2078 783 mm.
2124 723 2229 783 Type
2249 723 2262 783 :

801 767 891 827 165°
919 767 1056 827 (actual
1078 767 1367 827 measurement
1390 771 1424 831 of
1447 771 1481 831 20
1509 771 1599 831 lines
1634 771 1673 831 on
1707 771 1764 831 the
1798 771 1956 831 vellum,
1979 775 2081 835 163).
2132 775 2172 835 42
2194 775 2234 835 be

797 816 905 876 gins:
929 815 972 875 qs
990 815 1032 875 l'a
1063 815 1202 875 quib°;
1220 815 1280 875 62,
1292 819 1438 879 scilicet
1450 819 1565 879 posito
1595 819 1698 879 opato
1729 819 1741 879 a
1759 821 1928 881 suplato;
1947 820 2007 880 72,
2031 823 2256 883 Llegendu.

791 863 945 923 pticipiu
985 866 1110 926 venies
1127 863 1138 923 ;
1167 863 1223 923 82,
1240 867 1388 927 hectore
1422 867 1508 927 mlta
1536 867 1547 927 h
1581 867 1644 927 est
1667 869 1707 929 de
1735 868 1843 928 pamo
1877 867 1894 927 z
1917 870 1963 930 de
1991 871 2145 931 hectore
2162 871 2179 931 ;
2201 868 2241 928 9a

797 911 936 971 Pretito
967 915 1088 975 pfcô;
1125 911 1208 971 10e,
1233 915 1415 975 pssqpfco
1448 915 1485 975 vt
1517 918 1624 978 doctu
1662 919 1738 979 eêt.
1801 919 1990 979 Two-line
2022 920 2154 980 spaces
2192 919 2255 979 left

797 961 848 1021 for
879 963 1056 1023 capitals.
1106 963 1359 1023 (Schwenke,
1385 963 1447 1023 Die
1491 966 1643 1026 Donat-
1675 967 1738 1027 und
1776 967 2086 1027 Kalendertype,
2105 971 2186 1031 No.
2205 978 2263 1038 7;

795 1011 943 1071 Zedler,
964 1011 1031 1071 Die
1059 1011 1187 1071 älteste
1221 1015 1553 1075 Gutenbergtype,
1573 1015 1701 1075 Tafeln
1729 1019 1783 1079 vi,
1803 1019 1864 1079 vii,
1884 1019 1980 1079 viii.)

857 1097 929 1157 On
961 1099 1155 1159 vellum.
1219 1101 1291 1161 252
1316 1103 1340 1163 X
1372 1103 1444 1163 170
1485 1103 1597 1163 mm.
1654 1107 1686 1167 A
1734 1107 1960 1167 fragment
1992 1107 2241 1167 containing

797 1159 939 1219 leaves
981 1159 1028 1219 4,
1055 1159 1124 1219 10,
1151 1161 1226 1221 and
1274 1163 1349 1223 11,
1369 1163 1444 1223 and
1485 1163 1608 1223 parts
1642 1163 1689 1223 of
1716 1166 1772 1226 six
1819 1167 1949 1227 other
1983 1167 2153 1227 leaves,
2173 1167 2234 1227 viz

796 1217 954 1277 twelve
990 1219 1105 1279 lines
1141 1219 1191 1279 of
1220 1222 1321 1282 each
1378 1223 1471 1283 side
1507 1223 1558 1283 of
1586 1223 1673 1283 leaf
1715 1225 1759 1285 2,
1781 1227 1853 1287 and
1895 1223 2083 1283 thirteen
2125 1227 2176 1287 of
2198 1227 2256 1287 its

791 1279 1079 1339 counterpart
1106 1279 1193 1339 leaf
1220 1282 1294 1342 13,
1307 1283 1576 1343 twenty-one
1609 1283 1717 1343 lines
1743 1287 1838 1347 each
1878 1287 1918 1347 of
1938 1287 2086 1347 leaves
2113 1283 2127 1343 6
2167 1289 2240 1349 anc

798 1343 837 1403 9,
857 1339 1021 1399 twenty
1060 1339 1166 1399 lines
1192 1340 1291 1400 each
1330 1343 1376 1403 of
1395 1343 1540 1403 leaves
1566 1346 1579 1406 7
1613 1343 1691 1403 and
1730 1346 1777 1406 8.
1836 1343 1948 1403 With
1980 1347 2052 1407 the
2086 1347 2217 1407 excep

791 1399 881 1459 tion
916 1399 964 1459 of
992 1399 1055 1459 the
1082 1399 1228 1459 tenth,
1249 1403 1374 1463 which
1408 1403 1443 1463 is
1471 1403 1624 1463 entire,
1644 1403 1706 1463 all
1728 1403 1797 1463 the
1831 1405 1977 1465 leaves
2006 1407 2109 1467 have
2137 1407 2241 1467 been

784 1459 959 1519 slashed
1000 1459 1091 1519 with
1126 1459 1147 1519 a
1189 1463 1336 1523 knife,
1357 1463 1391 1523 so
1426 1463 1531 1523 that
1559 1463 1684 1523 parts
1712 1463 1762 1523 of
1782 1464 1880 1524 them
1936 1467 2006 1527 are
2048 1465 2124 1525 cut
2160 1467 2243 1527 into

802 1515 935 1575 strips
965 1519 1010 1579 of
1032 1519 1174 1579 about
1196 1519 1263 1579 the
1300 1523 1427 1583 depth
1464 1520 1509 1580 of
1531 1523 1553 1583 a
1583 1523 1695 1583 line.
1739 1524 1963 1584 Capitals,
1985 1527 2254 1587 paragraph¬

795 1579 969 1639 marks,
990 1583 1067 1643 and
1108 1583 1456 1643 initial-strokes
1484 1586 1679 1646 supplied
1721 1585 1749 1645 in
1784 1587 1881 1647 red.

859 1667 968 1727 From
1036 1673 1111 1733 the
1163 1675 1297 1735 Kloss
1348 1675 1576 1735 collection
1627 1679 1745 1739 (No.
1778 1679 1888 1739 1290
1939 1680 1973 1740 in
2024 1683 2099 1743 the
2142 1683 2251 1743 Sale

802 1733 1094 1793 Catalogue).

861 1829 1040 1889 Bought
1073 1831 1104 1891 in
1137 1831 1276 1891 1835.

2071 1838 2161 1898 IB.
2179 1841 2261 1901 66.

805 1967 1214 2027 DONATUS,
1244 1971 1490 2031 AELIUS.
1562 1972 1644 2032 De
1694 1974 1807 2034 octo
1858 1975 2103 2035 partibus
2145 1979 2226 2039 ora

854 2049 1055 2109 tionis.

1952 2061 2026 2121 (c.
2048 2068 2230 2128 1455?

839 2139 970 2199 Folio.
1021 2138 1108 2198 Ja.
1174 2139 1211 2199 12
1232 2139 1378 2199 leaves.
1429 2143 1466 2203 30
1495 2143 1612 2203 lines.
1649 2147 1736 2207 [237
1750 2145 1765 2205 x
1795 2143 1860 2203 165
1882 2147 1992 2207 mm.)
2035 2151 2138 2211 Type
2167 2145 2225 2205 165

794 2187 931 2247 (actual
952 2183 1240 2243 measurement
1253 2190 1286 2250 of
1306 2187 1345 2247 20
1371 2191 1457 2251 lines
1477 2191 1516 2251 on
1542 2191 1602 2251 the
1621 2191 1779 2251 vellum,
1792 2195 1890 2255 158).
1936 2195 2041 2255 Two-
2060 2196 2094 2256 to
2120 2195 2205 2255 (six¬

791 2235 859 2295 line
890 2235 1020 2295 spaces
1045 2235 1114 2295 left
1138 2235 1194 2295 for
1213 2239 1374 2299 capitals
1399 2239 1647 2299 (Schwenke,
1666 2239 1734 2299 Die
1765 2243 1914 2303 Donat-
1932 2243 2001 2303 und
2038 2247 2256 2307 Kalender¬

793 2286 900 2346 type,
921 2287 1001 2347 No.
1015 2287 1086 2347 10;
1116 2287 1267 2347 Zedler,
1281 2287 1352 2347 Die
1374 2289 1503 2349 älteste
1532 2291 1863 2351 Gutenbergtype,
1884 2291 2006 2351 Tafeln
2035 2295 2085 2355 ix,
2099 2299 2156 2359 x).

853 2369 927 2429 On
978 2373 1170 2433 vellum.
1227 2375 1502 2435 Fragments
1545 2378 1594 2438 of
1627 2379 1786 2439 leaves
1827 2379 1886 2439 11
1927 2381 2002 2441 and
2061 2386 2135 2446 12,
2177 2385 2243 2445 the

789 2433 958 2493 former
986 2435 1234 2495 containing
1277 2435 1546 2495 twenty-five
1581 2439 1658 2499 and
1701 2439 1772 2499 the
1815 2439 1948 2499 latter
1977 2443 2231 2503 twenty-six

797 2494 905 2554 lines
935 2491 979 2551 on
1015 2493 1111 2553 each
1147 2495 1235 2555 side
1271 2495 1315 2555 of
1337 2495 1403 2555 the
1432 2497 1542 2557 leaf.
1600 2499 1717 2559 Leaf
1753 2499 1797 2559 11
1841 2503 1980 2563 wants
2017 2503 2089 2563 five
2134 2503 2221 2563 line

792 2551 843 2611 at
872 2554 945 2614 the
989 2555 1259 2615 beginning,
1288 2555 1375 2615 leaf
1412 2555 1456 2615 12
1492 2559 1587 2619 four
1617 2559 1726 2619 lines
1769 2559 1813 2619 at
1850 2563 1923 2623 the
1959 2563 2069 2623 end.
2127 2563 2229 2623 Both

790 2611 940 2671 leaves
970 2613 1047 2673 are
1084 2615 1266 2675 slightly
1311 2616 1500 2676 cropped
1552 2619 1605 2679 at
1643 2619 1711 2679 the
1764 2619 1877 2679 ends
1915 2622 1967 2682 of
1998 2622 2074 2682 the
2111 2623 2224 2683 lines

793 2671 962 2731 Copies
986 2671 1034 2731 of
1050 2674 1123 2734 the
1155 2674 1252 2734 first
1268 2675 1348 2735 and
1389 2679 1542 2739 second
1574 2679 1711 2739 leaves
1735 2679 1783 2739 of
1799 2679 1816 2739 a
1848 2683 2009 2743 30-line
2033 2683 2242 2743 Donatus

773 2731 821 2791 at
861 2731 934 2791 the
973 2735 1189 2795 Bodleian
1238 2735 1422 2795 Library
1470 2739 1774 2799 (Schwenke,
1798 2739 1878 2799 op.
1910 2743 2007 2803 cit.,
2039 2743 2239 2803 Tafelny

784 2792 865 2852 and
909 2793 977 2853 vi)
1006 2791 1177 2851 appear
1215 2795 1252 2855 to
1289 2795 1341 2855 be
1379 2796 1446 2856 the
1490 2800 1802 2860 counterparts
1840 2799 1892 2859 of
1922 2802 2041 2862 these
2085 2803 2256 2863 leaves.

795 2854 1015 2914 Capitals,
1024 2855 1386 2915 initial-strokes,
1404 2859 1474 2919 and
1509 2863 1942 2923 paragraph-marks
1969 2863 2163 2923 supplied
2198 2865 2233 2925 in

782 2914 892 2974 red.

853 3007 1059 3067 Bought.

2068 3019 2156 3079 IC.
2176 3021 2254 3081 68.

793 3159 1044 3219 BIBLIA
1109 3163 1436 3223 LATINA.

1732 3167 1880 3227 [Not
1901 3167 2038 3227 after
2071 3171 2229 3231 1461.

849 3252 921 3312 1*,
948 3255 1030 3315 col.
1066 3259 1112 3319 1,
1139 3259 1247 3319 after
1284 3259 1302 3319 a
1338 3259 1546 3319 four-line
1582 3263 1745 3323 space:
1772 3264 1999 3324 [FlRater
2035 3267 2215 3327 ambro¬

786 3313 869 3373 sius
910 3315 986 3375 tua
1027 3319 1177 3379 michi
1235 3322 1502 3382 munuscula
1535 3325 1560 3385 p
1635 3325 1802 3385 ferens,
1835 3327 2001 3387 detulit
2059 3327 2168 3387 siml
2201 3331 2242 3391 et

783 3379 937 3439 suauis
1006 3382 1134 3442 simas
1168 3383 1364 3443 litteras:
1425 3387 1510 3447 que
1544 3387 1561 3447 a
1595 3387 1776 3447 pncipio
1810 3391 2032 3451 amiciciax
2066 3392 2169 3452 fidem

786 3439 967 3499 probate
1019 3443 1088 3503 iam
1156 3443 1269 3503 fidei
1307 3443 1329 3503 z
1359 3446 1518 3506 veteris
1563 3447 1677 3507 ami¬
1707 3448 1813 3508 cicie
1866 3451 1979 3511 noua
2024 3455 2252 3515 pferebat.

784 3495 850 3555 68,
879 3500 973 3560 col.
993 3503 1012 3563 1
1030 3503 1049 3563 :
1077 3503 1172 3563 [IIN
1230 3503 1448 3563 principio
1495 3507 1664 3567 creauit
1703 3507 1807 3567 deus
1845 3511 1940 3571 celu
1977 3511 2006 3571 1
2063 3515 2205 3575 terram

793 3559 918 3619 Terra
953 3563 1028 3623 aut
1053 3563 1146 3623 erat
1163 3563 1306 3623 inanis
1373 3567 1415 3627 et
1441 3567 1601 3627 vacua.
1660 3569 1786 3629 882b,
1811 3571 1895 3631 col.
1912 3575 1955 3635 2,
1971 3575 2005 3635 l.
2030 3575 2072 3635 3,
2098 3575 2198 3635 END
2232 3577 2240 3637 :

2442 543 2561 603 Veni
2585 547 2640 607 do
2679 547 2798 607 mine
2830 550 2981 610 ihesu.
3036 547 3195 607 Gratia
3234 551 3409 611 domini
3448 553 3622 613 nostri
3654 551 3773 611 ihesu

2321 607 2449 667 cristi
2471 607 2543 667 cum
2600 611 2780 671 omnibz
2801 611 2872 671 vo¬
2916 611 2980 671 bis
3009 611 3159 671 amen.
3217 611 3324 671 883,
3346 611 3468 671 884:
3489 611 3639 671 blank.

2363 691 2495 751 Folio.
2551 690 2675 750 a-klo
2710 683 2780 743 1841
2815 695 2925 755 m-z10
2960 690 3092 750 A-C10
3127 687 3252 747 D6+1;
3287 688 3440 748 E-Y1;
3474 699 3593 759 aa-xx
3676 693 3780 753 yyl2;

2317 740 2526 800 AA-XX10
2544 739 2639 799 YY6.
2689 743 2759 803 884
2790 746 2935 806 leaves.
2967 744 3055 804 Two
3080 747 3270 807 columns.
3295 743 3371 803 22:
3396 744 3434 804 36
3465 747 3572 807 lines,
3592 747 3686 807 297x
3711 747 3774 807 200

2312 791 2413 851 mm.
2466 792 2603 852 Type:
2633 791 2740 851 164°.
2787 794 2899 854 Two-
2929 794 2995 854 and
3030 795 3131 855 four-
3161 792 3196 852 to
3232 795 3440 855 seven-line
3470 796 3606 856 spaces
3636 799 3701 859 left
3731 799 3785 859 for

2318 840 2479 900 capitals
2502 841 2574 901 and
2598 843 2765 903 rubrics,
2783 843 2878 903 Hain
2914 843 3021 903 3032.

2373 903 2451 963 The
2477 903 2543 963 two
2576 907 2700 967 leaves
2726 903 2772 963 at
2792 907 2850 967 the
2883 907 2948 967 end
2982 907 3021 967 of
3040 907 3099 967 the
3132 907 3204 967 last
3230 908 3354 968 quire,
3373 907 3485 967 which
3518 907 3576 967 are
3610 910 3773 970 wanting

2317 951 2347 1011 in
2383 951 2431 1011 all
2455 951 2516 1011 the
2546 954 2673 1014 copies
2703 955 2854 1015 known,
2878 955 2957 1015 may
2987 958 3078 1018 have
3108 958 3199 1018 been
3229 959 3368 1019 blank,
3386 958 3429 1018 or
3453 957 3549 1017 have
3573 959 3767 1019 contained

2315 1003 2332 1063 a
2359 1002 2420 1062 list
2442 1000 2481 1060 of
2504 1003 2565 1063 the
2593 1003 2759 1063 rubrics,
2782 1003 2865 1063 such
2893 1006 2932 1066 as
2954 1007 3020 1067 has
3049 1007 3137 1067 been
3171 1007 3365 1067 preserved
3398 1007 3427 1067 in
3454 1007 3515 1067 the
3543 1007 3621 1067 case
3649 1007 3688 1067 of
3710 1007 3771 1067 the

2317 1051 2456 1111 42-line
2486 1050 2613 1110 Bible.
2662 1051 2680 1111 A
2723 1051 2814 1111 copy
2845 1051 2881 1111 of
2899 1055 2960 1115 the
2990 1055 3063 1115 last
3093 1055 3172 1115 leaf
3190 1055 3233 1115 of
3257 1055 3336 1115 text
3354 1055 3397 1115 of
3415 1055 3488 1115 this
3518 1055 3621 1115 Bible
3657 1057 3682 1117 in
3718 1059 3773 1119 the

2318 1099 2580 1159 Bibliothèque
2613 1101 2814 1161 Nationale
2842 1103 2882 1163 at
2908 1103 3009 1163 Paris
3036 1103 3150 1163 bears
3170 1103 3230 1163 the
3264 1103 3505 1163 rubricator's
3533 1103 3639 1163 date,
3660 1107 3780 1167 1461;

2312 1147 2474 1207 another
2498 1151 2689 1211 fragment
2718 1151 2742 1211 is
2765 1151 2945 1211 recorded
2974 1151 3008 1211 as
3037 1151 3177 1211 having
3212 1151 3299 1211 been
3328 1151 3439 1211 found
3474 1151 3502 1211 in
3531 1154 3589 1214 the
3619 1155 3769 1215 binding

2316 1195 2352 1255 of
2381 1195 2417 1255 an
2458 1199 2737 1259 account-book
2772 1199 2809 1259 of
2832 1199 2891 1259 the
2927 1199 3057 1259 Abbey
3087 1199 3129 1259 of
3153 1203 3194 1263 S.
3223 1203 3396 1263 Michael
3419 1203 3461 1263 at
3491 1204 3698 1264 Bamberg,
3716 1203 3775 1263 the

2317 1247 2457 1307 entries
2481 1247 2512 1307 in
2542 1247 2659 1307 which
2689 1251 2811 1311 began
2841 1251 2878 1311 on
2909 1251 2952 1311 21
2982 1251 3135 1311 March,
3159 1251 3270 1311 1460.

2377 1336 2457 1396 377
2479 1335 2603 1395 x272
2646 1336 2763 1396 mm.
2829 1339 3033 1399 Wanting
3077 1339 3150 1399 the
3193 1339 3274 1399 two
3317 1339 3463 1399 leaves
3492 1339 3536 1399 at
3572 1339 3646 1399 the
3675 1340 3785 1400 end,

2316 1393 2389 1453 and
2426 1395 2521 1455 with
2558 1395 2645 1455 leaf
2667 1395 2689 1455 1
2718 1396 2916 1456 supplied
2953 1399 3041 1459 from
3092 1399 3282 1459 another
3311 1399 3414 1459 copy
3450 1399 3531 1459 and
3567 1399 3765 1459 stiffened

2314 1455 2452 1515 round
2485 1455 2557 1515 the
2590 1455 2788 1515 margins
2814 1455 2906 1515 with
2945 1459 2958 1519 a
2992 1459 3175 1519 mount.
3241 1457 3347 1517 This
3366 1459 3550 1519 inserted
3590 1459 3676 1519 leaf
3702 1462 3780 1522 has

2318 1518 2331 1578 a
2370 1515 2647 1575 manuscript
2673 1515 2811 1575 rubric
2844 1519 3002 1579 ending
3041 1519 3134 1579 with
3173 1519 3186 1579 a
3219 1519 3383 1579 flower,
3410 1519 3489 1579 also
3528 1519 3574 1579 an
3614 1519 3779 1579 illumi¬

2322 1575 2444 1635 nated
2498 1575 2675 1635 capital
2716 1579 3014 1639 representing
3069 1579 3123 1639 S.
3164 1579 3367 1639 Jerome,
3401 1579 3483 1639 and
3537 1579 3558 1639 a
3613 1579 3775 1639 border

2321 1635 2469 1695 scroll.
2536 1635 2625 1695 The
2662 1635 2781 1695 other
2810 1635 2922 1695 large
2959 1638 3145 1698 capitals
3175 1639 3375 1699 supplied
3413 1639 3457 1699 by
3494 1639 3606 1699 hand
3651 1639 3754 1699 show

2316 1693 2375 1753 for
2404 1695 2471 1755 the
2507 1695 2624 1755 most
2654 1695 2749 1755 part
2779 1696 2875 1756 dull
2896 1698 3051 1758 shades
3080 1699 3132 1759 of
3154 1699 3330 1759 mauve,
3345 1699 3499 1759 green,
3521 1699 3565 1759 or
3594 1699 3690 1759 blue
3720 1702 3763 1762 on

2316 1755 2330 1815 a
2365 1755 2486 1815 black
2522 1755 2599 1815 and
2636 1755 2742 1815 gold
2785 1759 3104 1819 background.
3169 1759 3361 1819 Smaller
3389 1759 3595 1819 capitals,
3617 1759 3781 1819 initial¬

2317 1815 2518 1875 strokes,
2531 1815 2967 1875 chapter-numbers,
2981 1819 3251 1879 head-lines,
3265 1819 3341 1879 and
3376 1819 3542 1879 rubrics
3570 1823 3763 1883 supplied

2319 1875 2355 1935 in
2390 1875 2496 1935 red.

2367 1971 2485 2031 King
2521 1971 2694 2031 George
2731 1971 2840 2031 III's
2866 1975 2975 2035 copy
3012 1979 3084 2039 (C.
3103 1979 3148 2039 9.
3175 1979 3221 2039 d.
3239 1982 3284 2042 5,
3303 1979 3374 2039 6).

3599 1979 3688 2039 IC.
3708 1982 3788 2042 64.

2312 2115 2560 2175 Another
2597 2115 2721 2175 copy
2765 2115 2828 2175 of
2854 2119 2961 2179 leaf
2987 2124 3103 2184 284.

2374 2209 2440 2269 On
2499 2211 2689 2271 vellum.
2755 2222 2830 2282 397
2855 2215 2872 2275 x
2905 2215 2980 2275 248
3029 2215 3154 2275 mm.
3179 2219 3303 2279 (type
3344 2219 3461 2279 page
3502 2222 3627 2282 293X
3661 2221 3784 2281 192).

2317 2271 2611 2331 Head-lines,
2633 2274 3048 2334 chapter-number,
3071 2275 3146 2335 and
3184 2279 3349 2339 capital
3373 2279 3568 2339 supplied
3606 2283 3636 2343 in
3666 2279 3734 2339 red
3764 2283 3779 2343 ;

2314 2331 2655 2391 initial-strokes
2684 2333 2720 2393 in
2749 2335 2937 2395 yellow.

2380 2423 2470 2483 The
2501 2427 2583 2487 leaf
2606 2427 2636 2487 is
2667 2427 2833 2487 shaped
2870 2429 2915 2489 at
2946 2427 3014 2487 the
3044 2431 3226 2491 corners
3263 2431 3338 2491 and
3377 2431 3505 2491 bears
3543 2435 3694 2495 marks
3731 2434 3776 2494 of

2320 2487 2428 2547 folds
2463 2487 2543 2547 and
2586 2487 2600 2547 a
2636 2487 2773 2547 label,
2794 2489 2989 2549 showing
3031 2491 3132 2551 that
3162 2491 3197 2551 it
3226 2491 3305 2551 has
3341 2492 3500 2552 formed
3535 2491 3607 2551 the
3650 2492 3779 2552 cover

2310 2543 2365 2603 of
2389 2544 2413 2604 a
2453 2547 2667 2607 binding.
2714 2547 2762 2607 It
2801 2547 2928 2607 bears
2960 2547 3007 2607 an
3047 2551 3308 2611 inscription
3356 2552 3396 2612 (?
3419 2551 3515 2611 18th
3562 2551 3776 2611 century)

2323 2607 2524 2667 Joannis
2545 2607 2775 2667 Baptistae
2804 2607 2962 2667 Rubek
3004 2611 3313 2671 Metaphysica
3342 2618 3364 2678 ,
3385 2615 3665 2675 presumably
3701 2614 3765 2674 the

2309 2667 2438 2727 name
2474 2667 2517 2727 of
2539 2667 2611 2727 the
2639 2667 2754 2727 book
2791 2667 2927 2727 which
2963 2671 2999 2731 it
3028 2671 3236 2731 covered.

2365 2752 2418 2812 No
2445 2755 2625 2815 complete
2652 2755 2739 2815 copy
2766 2755 2800 2815 of
2813 2755 2886 2815 this
2913 2755 3014 2815 Bible
3040 2755 3080 2815 on
3100 2755 3220 2815 vellum
3261 2757 3334 2817 has
3355 2759 3414 2819 yet
3434 2759 3528 2819 been
3554 2759 3783 2819 registered,

2316 2803 2379 2863 but
2402 2803 2554 2863 several
2571 2803 2780 2863 fragments
2809 2803 2955 2863 similar
2984 2803 3013 2863 to
3042 2805 3112 2865 this
3141 2807 3275 2867 should
3309 2807 3350 2867 be
3379 2807 3408 2867 in
3443 2807 3658 2867 existence.
3705 2807 3768 2867 See

2315 2851 2386 2911 Van
2425 2851 2556 2911 Praet,
2583 2851 2786 2911 Catalogue
2819 2855 2864 2915 de
2898 2855 3009 2915 livres
3042 2855 3238 2915 imprimés
3264 2855 3330 2915 sur
3356 2855 3454 2915 vélin
3494 2857 3638 2917 (1824),
3664 2859 3690 2919 i.
3717 2859 3783 2919 19,

2315 2899 2435 2959 where
2463 2899 2508 2959 he
2542 2899 2685 2959 writes,
2735 2903 2866 2963 Quant
2894 2903 2963 2963 aux
3008 2903 3258 2963 exemplaires
3292 2905 3337 2965 de
3377 2903 3405 2963 la
3445 2903 3548 2963 Bible
3587 2907 3678 2967 tirés
3712 2905 3774 2965 sur

2317 2945 2401 3005 vélin
2431 2951 2504 3011 ...
2522 2951 2558 3011 au
2595 2951 2752 3011 rapport
2782 2951 2818 3011 de
2854 2951 2909 3011 De
2945 2951 3055 3011 Murr
3079 2951 3405 3011 (Merkwürdigk.
3429 2955 3496 3015 der
3526 2955 3635 3015 Stadt
3659 2953 3774 3013 Bam¬

2318 2995 2424 3055 berg,
2452 3002 2558 3062 1799,
2586 2999 2678 3059 in-8.
2699 3000 2742 3060 p.
2763 3000 2869 3060 261),
2890 3003 2918 3063 le
2954 3001 3038 3061 père
3067 3000 3300 3060 Alexandre,
3321 3003 3505 3063 capucin,
3526 3003 3540 3063 à
3576 3003 3788 3063 Bamberg,

2309 3045 2405 3105 étoit
2430 3047 2593 3107 parvenu
2629 3047 2641 3107 à
2677 3047 2714 3107 en
2751 3047 2987 3107 rassembler
3011 3050 3029 3110 9
3059 3050 3223 3110 feuillets
3241 3051 3259 3111 :
3284 3051 3471 3111 lui-même
3501 3051 3538 3111 en
3574 3051 3774 3111 possédoit

2313 3093 2611 3153 quelques-uns,
2628 3095 2661 3155 et
2683 3095 2711 3155 il
2728 3095 2767 3155 en
2794 3095 2850 3155 vit
2866 3098 3049 3158 d'autres,
3066 3099 3104 3159 en
3144 3102 3248 3162 1775,
3270 3099 3376 3159 collés
3404 3099 3492 3159 dans
3525 3099 3587 3159 des
3614 3098 3769 3158 couver-

2311 3143 2415 3203 tures
2453 3145 2496 3205 de
2533 3143 2724 3203 plusieurs
2762 3147 2872 3207 livres
2910 3143 2959 3203 du
2996 3147 3169 3207 couvent
3206 3147 3249 3207 de
3292 3147 3490 3207 Langheim
3546 3151 3625 3211 (Id.
3663 3152 3781 3212 ibid).

2309 3191 2501 3251 Sprenger
2526 3195 2712 3255 (Aelteste
2737 3195 3189 3255 Buchdruckgeschichte
3220 3195 3282 3255 von
3313 3196 3524 3256 Bamberg,
3543 3199 3654 3259 1800,
3679 3201 3778 3261 in-4.

2309 3243 2351 3303 p.
2381 3240 2441 3300 16)
2471 3239 2539 3299 cite
2569 3241 2611 3301 un
2641 3240 2732 3300 livre
2769 3243 2811 3303 de
2854 3242 2944 3302 cette
2986 3243 3247 3303 Bibliothèque
3284 3247 3459 3307 intitulé:
3483 3247 3750 3307 Dictionarium

2309 3287 2407 3347 quod
2439 3291 2587 3351 gemma
2624 3291 2845 3351 gemmarum
2901 3291 3056 3351 vocant,
3080 3291 3204 3351 nuper
3234 3295 3481 3355 castigatum.
3531 3295 3752 3355 Argentinae

2311 3339 2423 3399 1518,
2447 3339 2510 3399 per
2540 3339 2633 3399 Joh.
2658 3339 2881 3399 Knoblauch
2918 3339 3173 3399 impressum,
3197 3343 3346 3403 volume
3377 3343 3483 3403 in-4.
3507 3343 3570 3403 sur
3594 3343 3724 3403 lequel
3749 3343 3781 3403 il

2311 3386 2437 3446 trouva
2474 3387 2689 3447 également
2720 3387 2814 3447 collé
2853 3387 2890 3447 un
2934 3387 3079 3447 feuillet
3111 3391 3154 3451 de
3192 3391 3438 3451 parchemin,
3469 3395 3677 3455 contenant
3708 3395 3765 3455 les

2305 3435 2477 3495 derniers
2506 3435 2649 3495 versets
2678 3436 2721 3496 du
2750 3439 2922 3499 chapitre
2951 3439 3001 3499 ix.
3022 3439 3059 3499 et
3087 3439 3137 3499 les
3166 3443 3346 3503 premiers
3375 3443 3418 3503 du
3453 3445 3619 3505 chapitre
3655 3443 3698 3503 x.
3719 3443 3762 3503 du

2307 3482 2397 3542 livre
2424 3484 2465 3544 de
2500 3484 2651 3544 ludith.

2368 3574 2580 3634 Bought.

3587 3583 3676 3643 IC.
3696 3594 3775 3654 65.
