3990 5711
817 547 1230 607 DONATUS,
1259 547 1513 607 AELIUS.
1579 547 1664 607 De
1711 547 1825 607 octo
1871 551 2116 611 partibus
2154 551 2268 611 ora¬

877 627 1073 687 tionis.

1967 637 2037 697 (c.
2067 639 2237 699 1455?

879 711 1123 771 Fragment
1146 711 1198 771 of
1220 711 1317 771 leaf
1354 711 1391 771 2,
1413 711 1599 771 wanting
1636 713 1710 773 the
1747 715 1843 775 first
1866 713 1947 773 two
1992 715 2118 775 lines,
2140 715 2185 775 of
2207 715 2259 775 an

814 771 979 831 edition
1025 771 1062 831 in
1107 770 1152 830 20
1198 767 1251 827 or
1296 771 1341 831 22
1379 771 1553 831 leaves,
1575 771 1620 831 26
1658 775 1786 835 lines.
1839 771 1937 831 [172
1990 772 2005 832 X
2035 774 2118 834 117
2156 775 2269 835 mm.

818 827 935 887 Type
974 831 1047 891 140
1086 831 1250 891 (actual
1269 831 1596 891 measurement
1622 831 1668 891 of
1694 831 1733 891 20
1766 835 1877 895 lines
1904 835 1949 895 on
1982 831 2047 891 the
2080 835 2269 895 vellum,

825 895 941 955 133).
1003 888 1213 948 Two-line
1253 891 1408 951 spaces
1448 891 1510 951 for
1541 893 1751 953 capitals,
1774 895 1907 955 which
1945 895 2015 955 are
2054 898 2256 958 supplied

818 952 846 1012 in
889 951 994 1011 red.

808 3967 1355 4027 PSALTERIUM.
1457 3971 1749 4031 Psalterium
1825 3975 1926 4035 cum
2016 3979 2259 4039 canticis,

869 4047 1119 4107 hymnis,
1150 4050 1250 4110 &c.

1705 4055 1790 4115 *14
1831 4059 2064 4119 August,
2096 4068 2243 4128 1457.

866 4139 925 4199 1e.
945 4143 1054 4203 (red)
1074 4143 1233 4203 Dnicis
1253 4147 1372 4207 diebz
1392 4147 1492 4207 post
1511 4147 1620 4207 festû
1651 4151 1878 4211 trinitatis.
1908 4155 2257 4215 Inuitatorium.

877 4203 1045 4263 (black)
1070 4204 1195 4264 Regé
1230 4207 1390 4267 magnu
1432 4207 1524 4267 dûm
1583 4207 1725 4267 venite
1768 4211 2029 4271 adoremus,
2054 4215 2172 4275 (red)
2197 4219 2247 4279 ps

812 4259 982 4319 (black)
991 4260 1146 4320 Venite
1212 4267 1334 4327 (red)
1358 4267 1505 4327 Dnicis
1530 4267 1652 4327 diebz
1677 4269 1774 4329 post
1791 4271 1897 4331 festu
1930 4271 2052 4331 ephie
2077 4275 2247 4335 Inuita¬

801 4319 946 4379 toriu.
1004 4323 1178 4383 (black)
1197 4327 1411 4387 Adorem?
1439 4327 1517 4387 dim
1565 4329 1642 4389 qui
1662 4331 1758 4391 fecit
1778 4331 1875 4391 nos,
1884 4331 2010 4391 (red)
2020 4334 2068 4394 Ps
2087 4334 2253 4394 (black)

806 4379 949 4439 venite
977 4379 1092 4439 (red)
1102 4383 1168 4443 ann
1178 4385 1349 4445 (black)
1368 4387 1559 4447 Seruite.
1616 4391 1798 4451 BEatus
1817 4391 1875 4451 vir
1903 4391 1979 4451 qui
2026 4395 2104 4455 non
2132 4395 2246 4455 abijt

801 4439 836 4499 in
950 4439 1119 4499 evovae
1180 4446 1366 4506 consilio
1401 4449 1586 4509 impioru
1613 4451 1701 4511 ...
1746 4451 1904 4511 [1436:
1940 4451 2019 4511 Pnis
2046 4455 2240 4515 spalmou

801 4497 973 4557 codex.
1000 4500 1227 4560 venustate
1282 4507 1490 4567 capitaliu
1536 4507 1726 4567 decoât?
1799 4511 2253 4571 Rubricationibusque

801 4559 1073 4619 sufficienter
1090 4563 1346 4623 distinctus,
1407 4570 1716 4630 Adinuëtione
1742 4571 1953 4631 artificosa
1988 4571 2243 4631 impmendi

798 4619 845 4679 ac
877 4619 1243 4679 caracterizandi.
1298 4627 1433 4687 absque
1465 4628 1623 4688 calami
1647 4631 1735 4691 vlla
1766 4631 2021 4691 exaracône
2052 4632 2108 4692 sic
2148 4635 2235 4695 effi¬

792 4680 971 4740 giatus,
997 4679 1056 4739 Et
1090 4683 1134 4743 ad
1176 4684 1296 4744 euse¬
1330 4687 1423 4747 biam
1475 4691 1552 4751 dei
1577 4691 1800 4751 industrie
1842 4695 1910 4755 est
1937 4695 2243 4755 osummatus,

935 4763 1000 4823 18

2377 535 2437 595 On
2475 535 2535 595 the
2574 539 2717 599 ground
2755 539 2793 599 of
2823 539 2884 599 the
2922 539 3013 599 even
3050 543 3308 603 line-endings
3345 547 3414 607 and
3451 547 3490 607 of
3520 547 3580 607 the
3618 548 3793 608 spelling.

2328 583 2410 643 Dr.
2440 585 2651 645 Schwenke
2697 587 2788 647 (Die
2833 589 2984 649 Donat-
3021 591 3097 651 und
3142 595 3452 655 Kalendertype,
3482 595 3520 655 p.
3557 595 3626 655 36)
3656 598 3791 658 makes

2332 631 2406 691 this
2436 631 2503 691 the
2532 635 2644 695 latest
2673 635 2711 695 of
2741 635 2800 695 the
2830 639 2904 699 five
2926 639 3090 699 editions
3120 636 3157 696 of
3187 641 3365 701 Donatus
3387 643 3424 703 in
3454 643 3513 703 the
3543 647 3632 707 type
3662 647 3700 707 of
3729 647 3788 707 the

2334 683 2477 743 42-line
2511 683 2640 743 Bible,
2653 683 2694 743 of
2714 684 2830 744 which
2864 687 3069 747 fragments
3102 687 3190 747 have
3225 691 3313 751 been
3347 691 3572 751 preserved.
3619 695 3789 755 Another

2336 731 2457 791 single
2472 731 2563 791 leaf,
2578 733 2736 793 believed
2766 735 2790 795 to
2812 735 2941 795 belong
2971 735 2993 795 to
3024 739 3092 799 this
3107 739 3266 799 edition,
3281 739 3311 799 is
3326 739 3357 799 in
3380 739 3432 799 the
3455 743 3795 803 Stadtbibliothek,

2338 779 2477 839 Mainz,
2497 783 2567 843 and
2595 783 2609 843 a
2637 783 2727 843 third
2755 787 2790 847 at
2811 787 2873 847 the
2901 787 3262 847 Kestnermuseum,
3283 791 3512 851 Hannover.

2393 870 2577 930 Bought
2604 874 2632 934 in
2668 875 2917 935 February,
2945 879 3073 939 1870.

3614 879 3704 939 IC.
3724 885 3794 945 58.

2319 3971 2399 4031 Per
2429 3975 2560 4035 Johem
2610 3977 2701 4037 fust
2760 3979 2871 4039 Ciuë
2901 3983 3163 4043 magûtinu.
3212 3987 3283 4047 Et
3313 3987 3464 4047 Petrü.
3484 3987 3685 4047 Schoffer
3714 3991 3764 4051 de

2322 4035 2625 4095 Gernszheim.
2707 4041 2838 4101 Anno
2880 4043 2961 4103 dni
2991 4043 3214 4103 Millesiö.
3235 4047 3356 4107 cccc.
3387 4049 3489 4109 lvij.
3539 4051 3589 4111 In
3631 4051 3762 4111 viglia

2317 4095 2590 4155 Assupcois.

2368 4187 2489 4247 Folio.
2517 4188 2640 4248 [a-k'o
2658 4188 2687 4248 18
2696 4195 2781 4255 m6;
2809 4192 2819 4252 A
2856 4187 2921 4247 Bio
2949 4185 3044 4245 C84.
3091 4198 3167 4258 143
3185 4199 3326 4259 leaves.
3354 4199 3430 4259 1b:
3458 4199 3495 4259 20
3514 4203 3636 4263 lines,
3646 4203 3711 4263 285
3730 4203 3749 4263 x

2317 4233 2380 4293 182
2404 4236 2507 4296 mm.
2546 4233 2642 4293 292:
2673 4239 2713 4299 24
2745 4239 2840 4299 lines
2863 4239 2904 4299 of
2935 4243 3086 4303 smaller
3109 4247 3220 4307 type,
3244 4247 3315 4307 280
3332 4247 3347 4307 x
3371 4247 3434 4307 185
3466 4251 3561 4311 mm.
3608 4251 3767 4311 Types:

2315 4281 2383 4341 286
2400 4283 2469 4343 and
2494 4287 2579 4347 234.
2631 4288 2768 4348 Versal
2785 4291 2913 4351 letters
2930 4291 3067 4351 printed
3093 4291 3135 4351 or
3152 4295 3323 4355 stamped
3349 4297 3383 4357 in
3409 4295 3468 4355 red
3495 4298 3503 4358 ;
3529 4299 3640 4359 two-,
3657 4300 3769 4360 four-,

2312 4331 2384 4391 and
2416 4335 2569 4395 six-line
2601 4339 2762 4399 capitals
2795 4339 2964 4399 stamped
2996 4339 3028 4399 in
3068 4340 3157 4400 blue
3189 4343 3261 4403 and
3302 4347 3382 4407 red,
3406 4347 3471 4407 the
3503 4347 3616 4407 letter
3648 4348 3752 4408 being

2311 4379 2350 4439 of
2380 4381 2449 4441 one
2480 4387 2625 4447 colour,
2648 4387 2717 4447 and
2756 4387 2817 4447 the
2856 4387 3108 4447 surrounding
3139 4393 3346 4453 ornament
3376 4395 3415 4455 of
3438 4395 3499 4455 the
3537 4395 3660 4455 other,
3683 4396 3752 4456 and

2305 4429 2365 4489 the
2403 4431 2547 4491 colours
2577 4435 2668 4495 used
2705 4435 2735 4495 in
2774 4435 3023 4495 alternation.
3068 4439 3287 4499 Numerous
3326 4443 3462 4503 spaces
3492 4443 3529 4503 of
3560 4445 3635 4505 from
3689 4444 3756 4504 two

2307 4473 2340 4533 to
2373 4480 2506 4540 twelve
2531 4483 2623 4543 lines
2656 4483 2722 4543 left
2747 4483 2805 4543 for
2830 4487 2988 4547 musical
3012 4490 3121 4550 notes
3145 4491 3212 4551 and
3245 4491 3303 4551 the
3337 4491 3461 4551 words
3479 4495 3520 4555 of
3536 4497 3768 4557 antiphons.

2304 4527 2410 4587 Hain
2442 4535 2580 4595 13479.

2360 4603 2437 4663 The
2457 4607 2623 4667 Psalms,
2642 4611 2847 4671 Canticles,
2857 4611 3052 4671 Capitula,
3062 4611 3219 4671 Hymns
3238 4618 3385 4678 (except
3404 4619 3501 4679 those
3511 4619 3550 4679 of
3570 4622 3765 4682 Mattins),

2296 4651 2372 4711 and
2410 4655 2564 4715 Preces,
2587 4659 2764 4719 arranged
2802 4659 2856 4719 for
2886 4660 3078 4720 liturgical
3102 4663 3163 4723 use
3201 4663 3232 4723 in
3263 4665 3324 4725 the
3355 4667 3539 4727 following
3578 4668 3715 4728 order;

2301 4703 2343 4763 f.
2369 4705 2524 4765 Sunday
2566 4707 2730 4767 Mattins
2763 4711 2832 4771 and
2875 4714 3030 4774 Lauds.
3072 4715 3115 4775 2.
3141 4715 3218 4775 The
3261 4715 3398 4775 Lesser
3432 4719 3570 4779 Hours
3604 4723 3766 4783 (Prime,
