4059 5700
299 1112 691 1172 NICOLAUS
751 1108 822 1168 V.
882 1104 1274 1164 [Indulgence,
1304 1104 1475 1164 issued
1515 1101 1574 1161 by
1616 1103 1747 1163 Pau¬

360 1192 492 1252 linus
527 1186 776 1246 Chappe,
802 1186 1297 1246 Proctor-General
1323 1184 1386 1244 of
1403 1184 1492 1244 the
1527 1186 1660 1246 King
1704 1182 1758 1242 of

360 1275 604 1335 Cyprus,
630 1272 671 1332 to
713 1268 1134 1328 contributories
1177 1268 1228 1328 to
1270 1268 1354 1328 the
1396 1268 1497 1328 war
1530 1264 1741 1324 against

366 1352 443 1412 the
486 1353 683 1413 Turks.
761 1348 950 1408 Issued
984 1348 1035 1408 at
1061 1348 1267 1408 Neuss,
1293 1348 1344 1408 29
1379 1346 1551 1406 April,
1576 1354 1730 1414 1455.

1562 1434 1733 1494 1455.

362 1537 584 1597 Uniuersis
614 1536 929 1596 Cristifidelib»
958 1536 1087 1596 pnites
1117 1536 1202 1596 lras
1238 1536 1505 1596 inspecturis
1540 1536 1748 1596 Paulinus

305 1598 480 1658 Chappe
517 1599 744 1659 Consiliaris
773 1596 1073 1656 Ambasiator
1102 1596 1117 1656 i
1147 1596 1359 1656 pcurator
1381 1596 1600 1656 generalis
1629 1592 1753 1652 Sere¬

326 1660 698 1720 nissimiRegis
746 1653 897 1713 Cypri
928 1654 969 1714 in
1016 1656 1094 1716 hac
1135 1656 1262 1716 parte
1317 1656 1412 1716 Salm
1483 1656 1500 1716 i
1539 1655 1627 1715 dno
1682 1652 1737 1712 Cù

305 1716 551 1776 Sactissime
579 1714 594 1774 i
615 1712 699 1772 xpo
735 1712 784 1772 pr
812 1712 826 1772 a
861 1712 946 1772 dnis
974 1716 1023 1776 nr
1052 1716 1129 1776 dnis
1157 1716 1369 1776 Nicolaus
1397 1716 1510 1776 diuia
1545 1712 1743 1772 puidetia

326 1785 334 1845 p
396 1776 505 1836 quits
545 1776 772 1836 Afflictioi
803 1772 951 1832 Regni
982 1776 1123 1836 Cypri
1178 1776 1521 1836 misericorditer
1553 1776 1748 1836 copaties

334 1830 415 1890 otra
454 1833 680 1893 pfidissios
712 1832 851 1892 crucis
888 1832 977 1892 xpi
1002 1832 1153 1892 hostes
1198 1836 1419 1896 Theucros
1450 1834 1469 1894 i
1506 1832 1746 1892 Saracenos

310 1894 439 1954 gratis
464 1892 652 1952 cocessit
677 1896 815 1956 omib»
847 1896 1101 1956 xpifidelib»
1142 1896 1345 1956 (ybilibet
1386 1896 1582 1956 ostitutis
1648 1892 1745 1952 ipos

316 1952 603 2012 paspersione
644 1950 824 2010 sanguis
858 1954 939 2014 dni
965 1952 1039 2012 nri
1066 1955 1132 2015 ihu
1166 1956 1253 2016 xpi
1280 1956 1346 2016 pie
1387 1953 1634 2013 exhortado
1681 1952 1754 2012 qui

294 2014 395 2074 infra
424 2008 576 2068 triéniu
613 2015 628 2075 a
664 2012 802 2072 prima
831 2012 896 2072 die
932 2016 1048 2076 Maij
1070 2016 1200 2076 Anni
1222 2016 1302 2076 dni
1324 2016 1534 2076 Mcccclij
1556 2015 1737 2075 icipiedu

304 2064 324 2124 p
363 2072 551 2132 defésione
584 2072 852 2132 catho¬lice
885 2072 999 2132 fidei
1026 2072 1046 2132 z
1079 2072 1206 2132 regni
1240 2076 1380 2136 pdicti
1407 2076 1461 2136 de
1494 2072 1747 2132 facultatib»

292 2132 383 2192 suis
412 2135 546 2195 magis
575 2132 653 2192 uel
674 2135 788 2195 mins
816 2135 894 2195 put
923 2135 1015 2195 ipou
1050 2136 1270 2196 videbitur
1298 2136 1483 2196 oscientijs
1518 2132 1753 2192 pcutorib.

303 2188 373 2248 uel
399 2196 528 2256 nutijs
560 2192 811 2252 substitutis
837 2192 901 2252 pie
933 2193 1268 2253 erogaue¬rint
1288 2196 1333 2256 ut
1352 2192 1564 2252 pfessores
1583 2192 1757 2252 ydonei

303 2248 520 2308 seculares
560 2255 638 2315 uel
672 2251 895 2311 regulares
941 2252 961 2312 p
1000 2256 1099 2316 ipos
1146 2256 1316 2316 eligédi
1356 2256 1619 2316 ofessionib»
1672 2252 1744 2312 eon

299 2312 463 2372 auditis
501 2310 520 2370 p
570 2312 772 2372 comissis
810 2312 892 2372 etia
936 2313 1038 2373 sedi
1069 2312 1208 2372 apl'ice
1246 2314 1486 2374 reseruatis
1524 2305 1750 2365 excessib»

346 2372 576 2432 criminib»
612 2373 713 2433 atque
741 2372 921 2432 delictis
950 2376 1237 2436 quantucuque
1258 2375 1438 2435 grauib»
1474 2372 1495 2432 p
1539 2372 1617 2432 vna
1661 2368 1746 2428 vice

309 2429 391 2489 tätü
442 2432 587 2492 debitä
631 2432 916 2492 absolutione
967 2432 1194 2492 impêdere
1232 2433 1252 2493 .
1277 2436 1339 2496 ..

1386 2436 1416 2496 1.
1446 2432 1667 2492 19:.

311 2489 501 2549 veritatis
536 2492 788 2552 testimoniu
828 2494 972 2554 sigillu
1019 2495 1061 2555 ad
1108 2496 1190 2556 hoc
1224 2496 1422 2556 ordinatu
1490 2492 1620 2552 ptib
1681 2488 1701 2548 l

1299 2554 1436 2614 Anno
1470 2552 1553 2612 dni
1574 2552 1760 2612 Mccccl¬

309 2549 651 2609 testimonialib»
677 2554 742 2614 est
767 2553 993 2613 appensum
1050 2554 1173 2614 Datum

1145 2616 1301 2676 Forma
1334 2612 1591 2672 plenissime
1625 2607 1754 2667 abso¬

307 2611 424 2671 quito
463 2612 521 2672 die
553 2611 650 2671 vero

782 2613 963 2673 mensis

310 2668 483 2728 lutionis
522 2671 566 2731 et
605 2672 875 2732 remissionis
913 2672 945 2732 in
990 2673 1106 2733 vita.
1164 2673 1195 2733 l.
1235 2673 1279 2733 27
1305 2672 1318 2732 :
1356 2672 1517 2732 Forma
1562 2672 1748 2732 plenarie

300 2728 570 2788 remissionis
610 2732 642 2792 in
682 2732 841 2792 mortis
873 2732 1084 2792 articulo.
1138 2735 1170 2795 l.
1197 2733 1269 2793 30,
1289 2732 1434 2792 END:
1461 2732 1546 2792 ...
1573 2732 1612 2792 In
1659 2730 1751 2790 noie

310 2792 445 2852 patris
472 2795 492 2855 z
519 2792 600 2852 filij
620 2792 640 2852 i
668 2792 843 2852 spiritus
871 2796 1019 2856 sancti
1046 2792 1214 2852 Amen.

358 2884 495 2944 Oblong
541 2884 633 2944 slip.
691 2884 731 2944 30
771 2888 888 2948 lines.
940 2886 1032 2946 157X
1058 2884 1124 2944 235
1164 2888 1261 2948 mm.
1327 2888 1490 2948 Types:
1530 2887 1589 2947 140
1641 2890 1759 2950 (147),

305 2934 505 2994 headings,
530 2936 692 2996 opening
730 2936 874 2996 words,
905 2940 998 3000 &c.;
1023 2940 1086 3000 90,
1111 2936 1204 2996 text.

365 3017 439 3077 195
465 3022 479 3082 x
513 3020 586 3080 277
620 3024 727 3084 mm.
761 3024 855 3084 The
875 3027 1029 3087 blanks
1057 3028 1124 3088 are
1150 3024 1258 3084 filled
1285 3024 1331 3084 up
1366 3024 1452 3084 with
1487 3025 1553 3085 the
1580 3024 1761 3084 names:

314 3078 388 3138 dns
422 3084 578 3144 hinric?
619 3088 728 3148 Mais
762 3084 1061 3144 (superscript.
1088 3084 1244 3144 pastor
1271 3084 1305 3144 in
1346 3084 1598 3144 Roselden)
1618 3080 1747 3140 Greta

317 3140 610 3200 (superscript.
630 3148 937 3208 pinenkrone)
957 3144 1010 3204 ei?
1036 3144 1163 3204 soror
1190 3144 1316 3204 Stina
1350 3143 1470 3203 Kuse
1496 3143 1549 3203 cum
1577 3140 1637 3200 fibs
1656 3144 1756 3204 sviz.

316 3200 477 3260 Helena
531 3200 577 3260 et
610 3204 824 3264 Congüde
872 3205 999 3265 Guda
1045 3204 1213 3264 Krusen
1266 3204 1306 3264 et
1340 3204 1434 3264 bela
1480 3201 1620 3261 Klute
1661 3200 1754 3260 eius

305 3259 416 3319 filia.
468 3260 558 3320 The
595 3264 715 3324 place
752 3264 796 3324 of
818 3264 930 3324 issue
960 3267 990 3327 is
1019 3264 1139 3324 given
1176 3264 1221 3324 as
1265 3264 1310 3324 in
1340 3264 1489 3324 Opido
1518 3264 1765 3324 Nussien,

309 3320 385 3380 and
420 3322 489 3382 the
525 3324 615 3384 date
650 3324 691 3384 as
747 3328 991 3388 penultima
1025 3324 1241 3384 Aprilis'.

376 3413 549 3473 Bought
576 3416 604 3476 in
640 3416 777 3476 June,
795 3420 930 3480 1845.

1572 3419 1675 3479 IA.
1696 3426 1769 3486 53.

318 3560 568 3620 BIBLIA
630 3564 953 3624 LATINA.

1481 3564 1768 3624 Undated.

376 3648 436 3708 1*,
451 3652 542 3712 col.
565 3656 603 3716 1,
626 3660 732 3720 after
762 3660 777 3720 a
807 3660 1042 3720 three-line
1081 3664 1202 3724 space
1224 3662 1247 3722 :
1269 3664 1489 3724 [FRater
1519 3660 1762 3720 ambrosius

362 3716 444 3776 tua
484 3719 627 3779 michi
662 3720 907 3780 munuscu-
947 3718 981 3778 la
1029 3720 1281 3780 perferens,
1315 3720 1486 3780 detulit
1602 3720 1711 3780 siml

320 3776 597 3836 suauissimas
694 3780 901 3840 litteras:
929 3776 1013 3836 que
1054 3780 1068 3840 a
1116 3780 1234 3840 prin¬
1268 3780 1379 3840 cipio
1414 3780 1636 3840 amiciciax
1677 3778 1760 3838 fide

356 3833 543 3893 probate
583 3836 650 3896 iam
703 3836 817 3896 fidei
843 3836 883 3896 et
916 3840 1076 3900 veteris
1109 3840 1310 3900 amicicie
1390 3840 1650 3900 pferebant.
1710 3836 1730 3896 5

318 3890 403 3950 col.
417 3892 459 3952 I,
473 3893 586 3953 after
607 3895 615 3955 a
643 3894 771 3954 space
799 3896 842 3956 of
863 3896 870 3956 a
898 3897 983 3957 line
1012 3900 1090 3960 and
1125 3900 1139 3960 a
1168 3900 1380 3960 quarter:
1402 3900 1501 3960 [IIN
1550 3900 1763 3960 principio

320 3949 486 4009 creauit
514 3956 618 4016 deus
645 3956 736 4016 celu
804 3956 853 4016 et
881 3959 1068 4019 terram.
1130 3956 1262 4016 Terra
1296 3960 1421 4020 autem
1483 3956 1580 4016 erat
1622 3960 1760 4020 inanis

319 4004 365 4064 et
420 4012 573 4072 vacua.
627 4012 766 4072 641b.
789 4016 881 4076 col.
912 4017 958 4077 2,
989 4020 1020 4080 l.
1050 4020 1128 4080 40,
1158 4016 1258 4076 END
1289 4020 1412 4080 :....
1436 4016 1551 4076 Veni
1589 4019 1766 4079 domine

317 4065 386 4125 ihe
439 4071 509 4131 su.
555 4076 707 4136 Gratia
739 4079 815 4139 dni
830 4080 899 4140 nri
914 4080 1030 4140 ihesu
1053 4080 1176 4140 cristi
1191 4080 1221 4140 tu
1260 4080 1628 4140 omni¬vobis
1651 4080 1773 4140 ame.

367 4164 494 4224 Folio.
541 4164 674 4224 a-110.
702 4164 802 4224 k1o41
849 4168 862 4228 m
943 4168 1177 4228 n641:10
1203 4160 1250 4220 10
1277 4160 1371 4220 1041
1391 4160 1491 4220 1041
1544 4169 1625 4229 AF

320 4212 503 4272 aa-nn';
524 4217 564 4277 oo
591 4220 633 4280 pp
693 4212 843 4272 qq'o+:
870 4222 972 4282 rr-zz
993 4217 1217 4277 AA-CC;
1244 4216 1360 4276 DD2
1380 4212 1550 4272 EE1;
1577 4220 1727 4280 FFGG

325 4256 489 4316 HH;
518 4257 611 4317 I1.
668 4272 740 4332 643
769 4272 918 4332 leaves,
941 4272 998 4332 the
1026 4272 1105 4332 last
1133 4272 1198 4332 two
1234 4272 1370 4332 blank.
1420 4272 1434 4332 2
1463 4272 1656 4332 columns.
1699 4267 1742 4327 52
1756 4265 1770 4325 :

323 4309 361 4369 42
387 4312 502 4372 lines,
521 4319 579 4379 292
598 4317 617 4377 x
643 4319 708 4379 198
733 4320 823 4380 mm.
874 4320 989 4380 1292:
1015 4320 1060 4380 40
1086 4324 1195 4384 lines,
1214 4320 1278 4380 294
1298 4320 1310 4380 X
1342 4320 1400 4380 198
1426 4320 1522 4380 mm.
1573 4320 1689 4380 3102:
1721 4320 1766 4380 41

323 4359 431 4419 lines,
451 4360 547 4420 293x
573 4364 637 4424 195
663 4368 753 4428 mm.
798 4368 901 4428 Type
933 4368 991 4428 140
1023 4368 1145 4428 (147).
1183 4368 1331 4428 Printed
1363 4369 1504 4429 rubrics
1531 4368 1569 4428 on
1595 4368 1672 4428 leaf
1691 4370 1782 4430 129.

335 4403 436 4463 1wo-
450 4408 484 4468 to
511 4412 586 4472 six-
599 4415 668 4475 and
695 4414 891 4474 eight-line
918 4416 1054 4476 spaces
1075 4415 1136 4475 left
1157 4420 1204 4480 for
1224 4420 1401 4480 capitals.
1441 4418 1584 4478 Spaces
1604 4420 1666 4480 are
1693 4419 1767 4479 also

324 4456 391 4516 left
407 4458 458 4518 for
483 4464 651 4524 rubrics.
701 4467 793 4527 Hain
827 4468 935 4528 3031.

374 4532 447 4592 Dr.
467 4532 567 4592 Paul
594 4540 820 4600 Schwenke,
848 4544 1014 4604 carrying
1054 4540 1208 4600 forward
1247 4544 1308 4604 the
1341 4544 1475 4604 results
1508 4544 1681 4604 obtained
1721 4544 1767 4604 by

323 4576 393 4636 Dr.
412 4587 586 4647 Dziatzko
611 4588 682 4648 and
714 4590 817 4650 other
843 4592 1023 4652 scholars,
1042 4590 1106 4650 has
1132 4590 1254 4650 shown
1280 4592 1524 4652 (Festschrift
1543 4592 1601 4652 zur
1621 4592 1768 4652 Guten¬

325 4636 904 4696 bergfeier—Untersuchungen
934 4637 992 4697 zur
1014 4636 1241 4696 Geschichte
1270 4640 1336 4700 des
1358 4640 1475 4700 ersten
1504 4640 1775 4700 Buchdrucks,

328 4676 474 4736 Berlin,
495 4684 613 4744 1900)
634 4687 717 4747 that
745 4688 807 4748 the
842 4688 939 4748 book
974 4689 1051 4749 was
1085 4691 1231 4751 printed
1266 4688 1301 4748 in
1342 4692 1398 4752 ten
1440 4692 1606 4752 sections
1634 4692 1676 4752 on
1718 4689 1766 4749 six

1807 1088 1974 1148 presses,
2000 1088 2039 1148 of
2064 1087 2174 1147 which
2206 1084 2277 1144 two
2309 1084 2424 1144 began
2463 1084 2553 1144 work
2586 1081 2900 1141 simultaneously
2933 1079 2971 1139 at
2991 1076 3030 1136 12
3055 1084 3119 1144 and
3158 1077 3241 1137 129a

1806 1134 1874 1194 and
1911 1136 2004 1196 after
2028 1136 2133 1196 these
2165 1132 2232 1192 had
2263 1132 2350 1192 each
2387 1132 2529 1192 printed
2560 1132 2578 1192 a
2609 1132 2733 1192 quire,
2752 1132 2764 1192 a
2795 1128 2894 1188 third
2931 1128 3048 1188 began
3086 1130 3122 1190 at
3153 1129 3239 1189 3254

1804 1184 1859 1244 the
1887 1184 1971 1244 first
1998 1184 2076 1244 leaf
2099 1184 2137 1244 of
2165 1184 2243 1244 vol.
2260 1184 2304 1244 ii.
2354 1179 2471 1239 When
2504 1180 2565 1240 the
2593 1180 2693 1240 three
2726 1176 2876 1236 presses
2909 1177 2971 1237 had
3010 1180 3248 1240 respectively

1813 1236 1955 1296 printed
1993 1232 2031 1292 up
2070 1230 2109 1290 to
2147 1228 2231 1288 322,
2263 1228 2366 1288 158°,
2398 1232 2462 1292 and
2501 1231 2610 1291 3402,
2642 1228 2707 1288 and
2745 1228 2764 1288 a
2797 1228 2919 1288 fourth
2957 1228 3028 1288 and
3067 1229 3143 1289 fifth
3182 1228 3253 1288 had

1812 1284 1950 1344 printed
1983 1276 2072 1336 4872
2099 1280 2166 1340 and
2204 1278 2315 1338 2612,
2326 1278 2354 1338 it
2382 1280 2454 1340 was
2487 1276 2648 1336 resolved
2687 1276 2720 1336 to
2747 1276 2914 1336 increase
2947 1276 3002 1336 the
3035 1276 3102 1336 size
3130 1276 3168 1336 of
3191 1276 3251 1336 the

1805 1329 1968 1389 edition,
1995 1328 2064 1388 and
2101 1328 2207 1388 these
2244 1328 2361 1388 pages
2403 1328 2471 1388 had
2514 1324 2779 1384 subsequently
2810 1324 2837 1384 to
2874 1324 2916 1384 be
2953 1324 3011 1384 set
3038 1324 3080 1384 up
3118 1324 3260 1384 afresh,

1807 1376 1847 1436 so
1881 1380 1966 1440 that
2000 1380 2216 1440 additional
2244 1376 2369 1436 copies
2397 1372 2438 1432 of
2460 1376 2546 1436 them
2596 1372 2721 1432 might
2750 1372 2795 1432 be
2824 1372 2994 1432 printed.
3040 1372 3255 1432 Previously

1811 1424 1839 1484 to
1872 1428 1944 1488 this
1966 1424 2005 1484 an
2038 1427 2205 1487 increase
2233 1424 2310 1484 from
2355 1424 2394 1484 40
2421 1424 2449 1484 to
2483 1424 2516 1484 42
2549 1424 2610 1484 had
2649 1421 2733 1481 been
2766 1421 2871 1481 made
2899 1420 2927 1480 in
2960 1420 3021 1480 the
3043 1424 3204 1484 number
3226 1420 3259 1480 of

1811 1478 1905 1538 lines
1933 1476 1966 1536 to
1999 1476 2016 1536 a
2049 1476 2221 1536 column,
2243 1472 2310 1532 and
2343 1472 2376 1532 to
2409 1472 2581 1532 facilitate
2620 1472 2692 1532 this
2720 1470 2780 1530 the
2814 1468 2897 1528 type
2930 1472 2996 1532 had
3035 1468 3119 1528 been
3152 1468 3251 1528 twice

1807 1526 1912 1586 filed,
1941 1524 1974 1584 so
2018 1524 2102 1584 that
2130 1526 2174 1586 42
2202 1524 2297 1584 lines
2335 1520 2374 1580 of
2408 1520 2469 1580 the
2502 1520 2663 1580 reduced
2703 1519 2769 1579 size
2803 1520 2976 1580 measure
3009 1519 3025 1579 a
3059 1520 3142 1580 little
3187 1516 3259 1576 less

1815 1573 1894 1633 than
1934 1572 1974 1632 40
2008 1572 2048 1632 of
2071 1572 2127 1632 the
2162 1572 2241 1632 old.
2292 1572 2326 1632 In
2360 1569 2434 1629 this
2468 1570 2559 1630 copy
2593 1569 2719 1629 leaves
2753 1568 2941 1628 129-1328
2969 1566 3060 1626 have
3100 1568 3185 1628 only
3219 1570 3259 1630 40

1815 1624 1904 1684 lines
1939 1620 1968 1680 to
2004 1620 2022 1680 a
2058 1622 2229 1682 column,
2259 1620 2323 1680 and
2359 1616 2489 1676 leaves
2524 1616 2678 1676 21-322,
2708 1616 2790 1676 34*,
2820 1616 3003 1676 129-158,
3032 1616 3139 1676 261“,
3169 1614 3257 1674 325-

1811 1672 1919 1732 3402,
1944 1669 2007 1729 and
2045 1666 2158 1726 4872,
2184 1672 2316 1732 belong
2354 1668 2385 1728 to
2424 1668 2487 1728 the
2524 1668 2657 1728 earlier
2683 1664 2935 1724 impression,
2954 1668 3099 1728 printed
3137 1668 3257 1728 before

1806 1720 1839 1780 it
1861 1720 1928 1780 was
1956 1720 2117 1780 resolved
2151 1720 2179 1780 to
2206 1720 2373 1780 increase
2401 1717 2457 1777 the
2484 1718 2640 1778 number
2668 1716 2701 1776 of
2718 1716 2862 1776 copies.

1857 1820 1895 1880 In
1927 1820 1939 1880 a
1978 1817 2218 1877 manuscript
2243 1817 2326 1877 note
2357 1816 2389 1876 in
2427 1816 2440 1876 a
2478 1816 2567 1876 copy
2598 1816 2637 1876 of
2662 1816 2732 1876 this
2763 1814 2871 1874 Bible
2902 1816 3099 1876 belonging
3137 1816 3169 1876 to
3207 1816 3263 1876 the

1813 1872 2074 1932 Bibliothèque
2119 1868 2318 1928 Nationale
2358 1864 2397 1924 at
2426 1866 2557 1926 Paris,
2579 1864 2772 1924 Henricus
2807 1864 2982 1924 Cremer,
3011 1863 3124 1923 Vicar
3159 1863 3198 1923 of
3227 1864 3273 1924 S.

1808 1916 2010 1976 Stephen's
2035 1916 2070 1976 at
2094 1916 2236 1976 Mainz,
2255 1914 2368 1974 states
2392 1916 2475 1976 that
2499 1916 2540 1976 he
2570 1916 2725 1976 finished
2755 1910 2981 1970 rubricating
3011 1912 3077 1972 and
3106 1912 3262 1972 binding

1806 1968 1841 2028 it
1864 1964 1910 2024 on
1945 1968 2090 2028 August
2113 1965 2177 2025 24,
2200 1964 2310 2024 1456.
2356 1963 2490 2023 Copies
2519 1964 2623 2024 must
2646 1960 2832 2020 therefore
2866 1959 2959 2019 have
3000 1960 3081 2020 been
3116 1960 3151 2020 on
3185 1960 3260 2020 sale

1812 2014 1910 2074 some
1940 2012 2061 2072 weeks
2090 2016 2212 2076 before
2241 2012 2316 2072 this
2346 2012 2450 2072 date.
2502 2012 2520 2072 A
2560 2012 2636 2072 still
2659 2011 2792 2071 earlier
2815 2010 2926 2070 date,
2943 2008 3053 2068 1453,
3071 2008 3094 2068 is
3123 2008 3256 2068 written

1807 2061 1847 2121 on
1887 2064 1977 2124 324°
2006 2060 2052 2120 of
2080 2062 2097 2122 a
2131 2060 2222 2120 copy
2256 2060 2284 2120 in
2324 2060 2386 2120 the
2426 2060 2864 2120 Buchgewerbemuseum
2915 2060 2954 2120 at
2988 2060 3159 2120 Leipzig,
3187 2060 3255 2120 and

1808 2112 1888 2172 may
1917 2112 2084 2172 possibly
2113 2112 2147 2172 be
2176 2112 2216 2172 of
2233 2112 2452 2172 relevance.

1880 2224 1955 2284 398
1978 2224 2000 2284 x
2030 2220 2106 2280 280
2151 2220 2265 2280 mm.
2318 2220 2386 2280 On
2439 2216 2484 2276 12
2514 2216 2553 2276 is
2598 2216 2613 2276 a
2659 2220 2780 2280 large
2825 2216 2977 2276 initial
3007 2212 3029 2272 F
3083 2214 3181 2274 with
3241 2214 3256 2274 a

1817 2280 1973 2340 border
2028 2276 2083 2336 of
2124 2278 2294 2338 flowers
2349 2280 2430 2340 and
2492 2278 2656 2338 birds;
2703 2276 2751 2336 on
2806 2273 2853 2333 5°
2894 2276 2976 2336 and
3030 2268 3133 2328 325'
3188 2276 3262 2336 are

1817 2340 1979 2400 similar
2019 2340 2222 2400 borders,
2248 2340 2320 2400 the
2365 2340 2516 2400 initial
2555 2336 2581 2396 I
2620 2336 2673 2396 on
2725 2330 2771 2390 5°
2804 2336 3019 2396 enclosing
3066 2336 3079 2396 a
3118 2336 3261 2396 repre¬

1814 2400 2032 2460 sentation
2080 2400 2127 2460 of
2155 2400 2229 2460 the
2271 2400 2481 2460 Creator,
2516 2399 2584 2459 the
2632 2396 2775 2456 initial
2808 2393 2836 2453 P
2877 2396 2931 2456 on
2973 2391 3075 2451 325°
3109 2392 3191 2452 one
3231 2392 3272 2452 of

1821 2460 2059 2520 Solomon.
2120 2460 2140 2520 A
2187 2460 2323 2520 4-line
2364 2460 2534 2520 capital
2561 2458 2608 2518 on
2650 2455 2697 2515 4°
2724 2452 2758 2512 is
2792 2456 2962 2516 painted
3016 2455 3050 2515 in
3091 2452 3267 2512 several

1817 2520 1993 2580 colours
2019 2520 2097 2580 and
2137 2520 2216 2580 has
2242 2520 2255 2580 a
2295 2520 2425 2580 small
2451 2516 2615 2576 border
2648 2516 2851 2576 attached
2890 2512 2929 2572 to
2962 2513 3014 2573 it,
3034 2514 3066 2574 in
3099 2513 3119 2573 a
3152 2512 3256 2572 style

1817 2576 1984 2636 similar
2023 2576 2063 2636 to
2111 2580 2210 2640 that
2244 2576 2297 2636 of
2331 2576 2404 2636 the
2457 2578 2604 2638 larger
2644 2576 2771 2636 ones.
2832 2566 2925 2626 The
2971 2572 3098 2632 other
3146 2574 3258 2634 large

1825 2640 2000 2700 capitals
2034 2640 2060 2700 in
2099 2640 2164 2700 the
2197 2636 2295 2696 first
2321 2636 2498 2696 volume
2537 2636 2609 2696 are
2649 2636 2681 2696 in
2727 2632 2851 2692 blue,
2871 2628 2969 2688 red,
2995 2635 3074 2695 and
3113 2632 3269 2692 green,

1824 2699 1851 2759 in
1891 2697 1953 2757 red
1994 2698 2069 2758 and
2103 2698 2116 2758 a
2150 2696 2266 2756 faint
2286 2696 2409 2756 blue,
2430 2696 2471 2756 or
2491 2696 2525 2756 in
2559 2696 2627 2756 red
2661 2696 2756 2756 only
2798 2695 2886 2755 with
2927 2692 2941 2752 a
2975 2692 3254 2752 background

1822 2754 1866 2814 of
1885 2760 2049 2820 tracery
2086 2756 2244 2816 work;
2269 2756 2395 2816 those
2433 2756 2464 2816 in
2508 2752 2578 2812 the
2615 2756 2773 2816 second
2810 2752 2980 2812 volume
3012 2752 3081 2812 are
3119 2752 3150 2812 in
3188 2752 3257 2812 the

1821 2816 1915 2876 bold
1957 2820 2052 2880 blue
2092 2820 2174 2880 and
2215 2816 2283 2876 red
2324 2816 2446 2876 found
2494 2816 2528 2876 in
2569 2816 2705 2876 many
2759 2812 2909 2872 Mainz
2943 2812 3113 2872 books.
3167 2808 3262 2868 The

1813 2880 1994 2940 smaller
2039 2876 2252 2936 capitals,
2284 2873 2736 2933 chapter-numbers,
2775 2872 3136 2932 initial-strokes,
3175 2872 3252 2932 and

1821 2936 2075 2996 head-lines
2109 2936 2148 2996 in
2187 2936 2286 2996 both
2325 2936 2527 2996 volumes
2561 2932 2626 2992 are
2665 2932 2869 2992 supplied
2901 2932 2934 2992 in
2973 2929 3065 2989 red,
3084 2932 3163 2992 but
3189 2928 3261 2988 the

1824 3000 2068 3060 head-lines
2100 2996 2133 3056 in
2158 2996 2255 3056 them
2306 2996 2351 3056 do
2389 2996 2467 3056 not
2486 2992 2647 3052 appear
2672 2994 2711 3054 to
2743 2992 2788 3052 be
2814 2989 2866 3049 by
2898 2991 2961 3051 the
2994 2992 3109 3052 same
3135 2992 3270 3052 hand.

1828 3056 1912 3116 The
1945 3060 2109 3120 rubrics
2135 3056 2220 3116 also
2254 3056 2319 3116 are
2351 3056 2417 3116 the
2450 3056 2561 3116 work
2600 3056 2647 3116 of
2666 3052 2869 3112 different
2895 3048 3190 3108 rubricators.

1880 3168 1997 3228 King
2031 3168 2198 3228 George
2231 3168 2340 3228 III's
2366 3168 2475 3228 copy
2508 3168 2592 3228 (C.
2600 3168 2642 3228 9.
2668 3170 2717 3230 d.
2734 3174 2776 3234 3,
2801 3172 2869 3232 4).

3097 3164 3183 3224 IC.
3202 3167 3279 3227 55.

1829 3335 2079 3395 Another
2114 3332 2278 3392 copy.

1887 3446 1953 3506 On
1983 3448 2168 3508 vellum.
2235 3448 2309 3508 365
2339 3448 2354 3508 x
2390 3444 2465 3504 288
2510 3448 2621 3508 mm.
2680 3444 2755 3504 5':
2785 3444 2829 3504 42
2873 3445 3000 3505 lines,
3036 3444 3155 3504 287X
3185 3442 3259 3502 193

1821 3506 1936 3566 mm.
1990 3508 2167 3568 Leaves
2208 3505 2398 3565 21-322,
2432 3504 2657 3564 129-158,
2684 3506 2759 3566 and
2806 3500 3037 3560 325-340'
3064 3502 3194 3562 differ
3228 3502 3262 3562 in

1828 3568 1943 3628 their
1978 3568 2134 3628 setting
2175 3568 2229 3628 up
2277 3568 2372 3628 from
2433 3568 2501 3628 the
2549 3564 2896 3624 corresponding
2936 3561 3086 3621 leaves
3120 3560 3154 3620 in
3195 3560 3262 3620 the

1832 3628 1984 3688 King's
2026 3629 2164 3689 copy,
2178 3628 2254 3688 and
2296 3627 2365 3687 are
2399 3624 2448 3684 of
2476 3624 2552 3684 the
2593 3624 2752 3684 second
2794 3624 3099 3684 impression;
3126 3617 3264 3677 leaves

1835 3695 1906 3755 34°
1922 3688 2001 3748 and
2033 3684 2136 3744 261e
2160 3687 2231 3747 are
2263 3684 2310 3744 of
2326 3684 2397 3744 the
2429 3686 2540 3746 first.
2604 3684 2770 3744 Leaves
2801 3680 3000 3740 129-132
3032 3681 3134 3741 have
3166 3680 3261 3740 each

1828 3748 1875 3808 42
1916 3746 2045 3806 lines.
2106 3747 2202 3807 The
2235 3744 2405 3804 rubrics
2439 3744 2487 3804 on
2535 3744 2637 3804 129e
2657 3744 2725 3804 are
2765 3744 2847 3804 not
2868 3744 3065 3804 printed.
3126 3738 3262 3798 Large

1828 3808 1984 3868 initials
2019 3808 2209 3868 supplied
2251 3808 2285 3868 in
2318 3804 2414 3864 blue
2449 3804 2523 3864 and
2558 3804 2654 3864 red,
2674 3801 2851 3861 smaller
2879 3803 2912 3863 in
2939 3800 3062 3860 these
3097 3800 3267 3860 colours

1821 3866 2115 3926 alternately.
2180 3868 2397 3928 Rubrics,
2436 3864 2882 3924 chapter-numbers,
2914 3860 3274 3920 initial-strokes,

1825 3928 1908 3988 and
1942 3928 2124 3988 accents
2151 3925 2186 3985 in
2221 3925 2324 3985 red.

1895 4036 2137 4096 Originally
2176 4036 2324 4096 bound
2370 4036 2402 4096 in
2449 4036 2566 4096 three
2605 4032 2831 4092 volumes,
2854 4030 2885 4090 in
2933 4028 3010 4088 the
3050 4028 3152 4088 first
3183 4028 3260 4088 and

1827 4096 1980 4156 second
2014 4096 2054 4156 of
2074 4096 2201 4156 which
2234 4097 2301 4157 the
2328 4096 2468 4156 quires
2488 4096 2595 4156 were
2622 4092 2815 4152 carefully
2835 4084 3009 4144 signed,
3015 4088 3102 4148 viz.
3109 4088 3222 4148 tome
3249 4091 3275 4151 i,

1830 4156 1978 4216 leaves
2008 4156 2133 4216 1—260
2171 4156 2200 4216 in
2237 4156 2281 4216 26
2319 4156 2459 4216 quires
2490 4154 2660 4214 lettered
2697 4149 2831 4209 A-R,
2846 4152 2927 4212 r,f,
2941 4149 2979 4209 s,
2994 4145 3031 4205 t,
3046 4146 3090 4206 v,
3105 4148 3150 4208 u,
3165 4147 3275 4207 x-2;

1839 4219 1955 4279 tome
1980 4216 2030 4276 ii,
2046 4216 2188 4276 leaves
2213 4216 2403 4276 261-456
2437 4216 2470 4276 in
2503 4213 2546 4273 20
2587 4208 2720 4268 quires
2753 4208 2928 4268 lettered
2952 4201 3060 4261 a-el
3093 4193 3259 4253 fig-tio

1835 4276 1924 4336 The
1954 4276 2103 4336 quires
2125 4276 2177 4336 of
2206 4276 2318 4336 tome
2356 4276 2407 4336 iii
2437 4272 2512 4332 are
2549 4272 2623 4332 not
2653 4268 2838 4328 signed.
2891 4268 2935 4328 In
2972 4266 3040 4326 the
3069 4264 3166 4324 first
3188 4264 3269 4324 and

1827 4336 1985 4396 second
2035 4336 2180 4396 tomes
2215 4336 2287 4396 the
2330 4336 2423 4396 first
2460 4332 2546 4392 leaf
2575 4328 2625 4388 of
2654 4328 2726 4388 the
2762 4328 2920 4388 second
2963 4328 3057 4388 half
3093 4327 3136 4387 of
3172 4327 3265 4387 each

1842 4392 1951 4452 quire
1988 4396 2024 4456 is
2061 4395 2236 4455 marked
2287 4392 2381 4452 with
2419 4392 2440 4452 a
2477 4392 2608 4452 rough
2644 4386 2783 4446 cross.
2841 4385 3068 4445 Rebound
3104 4388 3140 4448 in
3185 4388 3265 4448 two

1835 4456 2035 4516 volumes
2064 4456 2092 4516 in
2135 4456 2207 4516 the
2250 4454 2343 4514 18th
2372 4452 2580 4512 century.
2637 4446 2781 4506 Inside
2816 4447 2887 4507 the
2924 4444 3052 4504 cover
3081 4448 3132 4508 of
3153 4448 3246 4508 vol.
3260 4448 3274 4508 i

1833 4512 1870 4572 is
1899 4516 1972 4576 the
2008 4516 2184 4576 leather
2228 4512 2513 4572 book-label:
2565 4508 2645 4568 'Ex
2689 4506 2857 4566 musæo
2901 4505 3033 4565 Pauli
3069 4508 3281 4568 Girardot

1828 4576 1884 4636 de
1919 4576 2134 4636 Prefond.

3109 4679 3192 4739 IC.
3211 4678 3286 4738 56.

1891 4688 2116 4748 Grenville
2148 4689 2253 4749 copy
2285 4687 2365 4747 (G.
2390 4686 2574 4746 12226).
