4288 6016
916 632 1492 692 GUILLERMUS,
1519 640 1836 700 Episcopus
1864 644 2222 704 Parisiensis.
2263 649 2345 709 De

974 712 1386 772 sacramentis.

2173 728 2359 788 1489.

962 804 1036 864 24.
1056 808 1319 868 Reuerendi
1330 812 1362 872 in
1404 814 1562 874 christo
1594 818 1729 878 patris
1762 820 1804 880 et
1825 820 1929 880 dni.
1962 820 2046 880 dni
2067 824 2308 884 Guillermi

900 868 1112 928 parisien.
1151 875 1229 935 epi
1248 876 1363 936 sacri
1393 878 1567 938 eloquii
1586 880 1780 940 doctoris
1808 884 2060 944 clarissimi.
2099 888 2196 948 dia¬
2215 891 2350 951 logus

895 931 1005 991 libri
1034 932 1114 992 sui
1144 936 1204 996 de
1244 940 1502 1000 sacramêtis
1543 944 1721 1004 medulâ
1762 948 1931 1008 fuditus
1971 948 2001 1008 1
2040 952 2111 1012 co¬
2140 952 2349 1012 pendiose

896 996 1149 1056 complectens
1185 1004 1374 1064 Cuilibet
1410 1005 1636 1065 sacerdoti
1663 1011 1934 1071 quamutilissi¬m
2024 1013 2223 1073 accurate
2259 1018 2350 1078 ma¬

893 1060 1040 1120 gnoque
1056 1064 1114 1124 cum
1139 1064 1278 1124 studio
1318 1068 1548 1128 emendatus
1581 1072 1753 1132 Incipit
1819 1080 2351 1140 Prohemium.qVO¬

893 1124 1031 1184 NIAM
1092 1127 1161 1187 me
1200 1132 1349 1192 sepius
1379 1132 1547 1192 rogasti
1567 1143 1894 1203 Petre:.
1933 1144 2033 1204 745,
2062 1146 2349 1206 COLOPHON:

896 1188 1092 1248 Explicit
1121 1195 1395 1255 Guillermus
1416 1198 1670 1258 parisiensis
1700 1200 1778 1260 Sup
1817 1204 1955 1264 septem
2043 1208 2358 1268 sacramentis.

894 1252 1152 1312 Impressus
1190 1258 1380 1318 parisius
1418 1260 1495 1320 per
1533 1264 1667 1324 Iohëm
1790 1268 2039 1328 bonhôme.
2087 1275 2325 1335 Librarium

894 1317 1197 1377 vhiuersitatis
1244 1324 1461 1384 parisien.
1556 1328 1688 1388 Anno
1745 1328 1831 1388 dni
1878 1333 2361 1393 Millesimo.CCCCe.

888 1380 1081 1440 Ixxxix°.
1122 1383 1224 1443 75a.
1255 1388 1378 1448 table
1418 1388 1459 1448 of
1489 1392 1642 1452 cases:
1683 1396 1735 1456 al
1785 1396 2071 1456 cognitionem
2132 1400 2346 1460 presentis

891 1448 1037 1508 operis
1061 1451 1076 1511 .
1099 1452 1154 1512 ..
1185 1450 1293 1510 81b.
1309 1452 1433 1512 Finit
1455 1456 1656 1516 Tabula.

876 3460 1342 3520 TARDIVUS,
1369 3472 1756 3532 GUILELMUS.
1811 3476 2157 3536 Rhetoricae
2197 3480 2330 3540 artis

948 3541 1005 3601 ac
1035 3544 1312 3604 oratoriae
1342 3552 1630 3612 facultatis
1658 3556 2109 3616 compendium.
2148 3560 2330 3620 Exor¬

1988 3640 2337 3700 *Undated.

949 3624 1148 3684 diorum
1213 3628 1439 3688 praxis.

931 3712 998 3772 22.
1027 3716 1393 3776 GVILLERMI
1422 3724 1693 3784 TARDIVI
1722 3724 2137 3784 ANICIENSIS
2176 3728 2330 3788 RHE¬

871 3775 1099 3835 TORICE
1178 3780 1366 3840 ARTIS
1405 3781 1474 3841 AC
1515 3788 1831 3848 ORATORIE
1870 3792 2316 3852 FACVLTATIS

872 3836 1345 3896 COMPENDIVM;
1396 3850 1747 3910 PREFATIO;
1839 3853 2138 3913 RHetoricam
2190 3856 2303 3916 artem

863 3904 1162 3964 oratoriamque
1180 3910 1461 3970 facul¬tatem
1516 3915 1534 3975 .
1561 3913 1570 3973 .
1598 3913 1616 3973 .
1643 3916 1716 3976 52.
1743 3918 1852 3978 Quid
1888 3916 1924 3976 est
1951 3920 2215 3980 rhetorice/
2233 3922 2323 3982 eius

870 3968 1091 4028 materia/
1108 3970 1293 4030 partes/
1312 3976 1496 4036 opusque;
1533 3976 1629 4036 872,
1656 3980 1938 4040 COLOPHON:
1965 3984 2327 4044 GVILLERMI

871 4032 1134 4092 TARDIVI
1164 4036 1564 4096 A-NICIENSIS
1603 4044 1955 4104 RHETORICE
2023 4046 2209 4106 ARTIS
2238 4048 2306 4108 AC

872 4096 1182 4156 ORATORIE
1229 4097 1295 4157 FA
1333 4101 1652 4161 CVLTATIS
1700 4108 2112 4168 COMPENDIVM
2225 4112 2300 4172 FI

861 4156 1010 4216 NIT;
1050 4156 1148 4216 87b.
1179 4164 1427 4224 Guillermi
1447 4168 1626 4228 tardiui
1645 4168 1884 4228 aniciensis
1914 4171 1963 4231 ex
1994 4172 2272 4232 grauissimis

860 4220 1101 4280 autoribus
1147 4224 1407 4284 exordiorum
1482 4232 1630 4292 praxis
1676 4233 1909 4293 excerpta;
1956 4236 2057 4296 970.
2094 4237 2317 4297 Lodoicus

865 4285 1160 4345 xantonensis
1182 4292 1422 4352 episcopus
1487 4296 1739 4356 Guillermo
1771 4297 1935 4357 tardiuo
1967 4297 2208 4357 aniciensi;

989 4372 1133 4432 Lauda
1168 4372 1210 4432 et
1236 4376 1381 4436 mirare
1415 4380 1491 4440 hec
1518 4380 1731 4440 impressa
1765 4383 1986 4443 volumina
2012 4385 2174 4445 lector.

984 4436 1150 4496 Scripta
1183 4440 1348 4500 quibus
1373 4441 1498 4501 cedit
1522 4444 1672 4504 pagina
1704 4448 1846 4508 queque
1862 4448 2011 4508 manu.

990 4500 1253 4560 Venduntur
1281 4504 1444 4564 paruo.
1481 4508 1553 4568 nec
1581 4508 1744 4568 punctu
1790 4508 1862 4568 aut
1880 4512 2026 4572 littera
2053 4512 2179 4572 defit,

990 4560 1091 4620 Vera
1121 4568 1404 4628 recognoscit
1423 4568 1645 4628 tardiuus.
1675 4572 1797 4632 ecce.
1817 4576 1937 4636 lege;

858 4648 1005 4708 Simon
1048 4652 1352 4712 recomadoris
1387 4655 1638 4715 angeriacus
1673 4656 1838 4716 lodoici
1898 4660 2194 4720 xantonensis
2220 4666 2315 4726 epi¬

859 4712 995 4772 scopi
1016 4716 1277 4776 secretarius
1308 4717 1423 4777 Guil
1464 4720 1600 4780 lermo
1631 4724 1798 4784 tardiuo
1829 4724 2069 4784 aniciensi;

977 4800 1083 4860 Arte
1113 4800 1226 4860 noua
1256 4800 1430 4860 pressos
1461 4804 1498 4864 si
1513 4808 1657 4868 cernis
1687 4808 1831 4868 mente
1861 4812 2050 4872 libellos.

987 4868 1181 4928 Ingenium
1205 4868 1361 4928 totiens
1385 4871 1650 4931 exuperabit
1673 4876 1806 4936 opus.

981 4962 1043 5022 14

2483 633 2653 693 Quarto.
2699 636 2802 696 a-h8
2831 633 2897 693 i10;
2925 636 3010 696 As.
3038 638 3085 698 82
3122 640 3273 700 leaves,
3301 644 3368 704 the
3396 644 3489 704 first
3517 647 3584 707 and
3631 650 3706 710 last
3735 656 3875 716 blank.

2427 684 2518 744 104:
2536 684 2574 744 36
2601 684 2692 744 lines
2710 688 2775 748 and
2803 688 3031 748 head-line,
3050 695 3115 755 133
3133 696 3243 756 (140)
3261 692 3271 752 X
3298 695 3343 755 83
3362 697 3463 757 (with
3490 700 3692 760 marginal
3701 706 3866 766 section-

2421 736 2562 796 letters
2582 736 2653 796 88)
2683 740 2784 800 mm.
2814 740 2985 800 Types:
3005 747 3056 807 74
3086 746 3167 806 G.;
3187 748 3227 808 74
3257 751 3368 811 G.“,
3378 752 3681 812 guide-letters.
3721 760 3884 820 Capital

2420 788 2575 848 spaces,
2601 792 2685 852 with
2718 793 3021 853 guide-letters.
3053 796 3150 856 Hain
3183 802 3305 862 8311.

2482 882 2517 942 In
2552 882 2614 942 the
2649 884 2852 944 alphabets
2879 884 2923 944 of
2949 888 3152 948 marginal
3171 892 3489 952 section-letters
3515 896 3532 956 M
3586 900 3753 960 scarcely
3789 905 3878 965 ever

2425 936 2606 996 appears,
2624 936 2693 996 the
2710 940 2832 1000 letter
2849 940 2961 1000 being
2995 941 3117 1001 either
3143 944 3385 1004 represented
3419 948 3462 1008 by
3498 952 3558 1012 the
3584 956 3800 1016 minuscule
3826 962 3869 1022 or

2418 988 2613 1048 omitted.

2478 1099 2601 1159 200X
2627 1100 2707 1160 140
2742 1104 2857 1164 mm.
2892 1104 3104 1164 Without
3130 1108 3201 1168 the
3236 1108 3333 1168 first
3351 1112 3509 1172 blank.
3554 1116 3615 1176 On
3660 1116 3678 1176 a
3704 1120 3871 1180 fly-leaf

2426 1163 2455 1223 is
2474 1164 2675 1224 written:
2694 1168 2886 1228 Gabriel
2905 1168 3029 1228 Folck
3069 1172 3174 1232 hunc
3202 1172 3289 1232 sibi
3308 1176 3509 1236 vendicat
3538 1179 3701 1239 Librum
3748 1183 3863 1243 Anno

2441 1234 2593 1294 15146.
2629 1228 2692 1288 On
2727 1228 2773 1288 22
2799 1232 2835 1292 is
2853 1232 2925 1292 the
2951 1232 3157 1292 armorial
3184 1238 3462 1298 book-stamp
3498 1240 3542 1300 of
3561 1244 3632 1304 the
3659 1248 3874 1308 monastic

2418 1292 2580 1352 library
2612 1289 2644 1349 of
2666 1296 2914 1356 Buxheim.
2936 1297 3054 1357 With
3087 1300 3151 1360 the
3183 1302 3432 1362 book-label
3453 1304 3496 1364 of
3518 1308 3690 1368 George
3712 1312 3873 1372 Dunn.

2431 1353 2616 1413 Woolley
2650 1358 2775 1418 Hall.

2474 1466 2655 1526 Bought
2682 1468 2708 1528 in
2745 1472 2998 1532 February,
3025 1480 3152 1540 1914.

3596 1484 3687 1544 IA.
3705 1493 3880 1553 39863.

2516 3468 2684 3528 Nullus
2710 3472 2852 3532 adhuc
2878 3476 3029 3536 potuit
3056 3476 3189 3536 huius
3216 3480 3402 3540 cotigere
3428 3480 3589 3540 sûmu.

2516 3532 2597 3592 Ars
2621 3535 2752 3595 modo
2785 3536 2907 3596 plura
2941 3540 3112 3600 nequit.
3145 3536 3218 3596 ars
3243 3540 3365 3600 dedit
3391 3542 3521 3602 omne
3546 3544 3651 3604 suum.

2515 3593 2579 3653 Ni
2603 3596 2667 3656 vim
2723 3600 2818 3660 quis
2842 3600 2978 3660 faciat
3001 3600 3113 3660 nullo
3153 3604 3368 3664 delebitur
3400 3608 3521 3668 euo.¬

2523 3660 2607 3720 Que
2641 3660 2751 3720 nitet
2776 3664 2972 3724 incausto
3005 3664 3141 3724 littera
3176 3668 3353 3728 pulchra
3387 3670 3539 3730 nimis.

2528 3724 2685 3784 Viuant
2708 3724 2882 3784 autores
2905 3725 3054 3785 operis
3079 3728 3268 3788 feliciter
3291 3732 3385 3792 isti.

2518 3789 2692 3849 Gaspar
2755 3792 3021 3852 russangis/
3049 3792 3214 3852 tardiue
3241 3795 3333 3855 viue
3369 3798 3534 3858 magis;

3022 3855 3225 3915 FINIS;

2394 3932 2489 3992 982.
2528 3936 2700 3996 Tabula
2747 3940 3005 4000 rubricarum
3071 3944 3205 4004 huius
3243 3948 3529 4008 compendii.

3590 3953 3680 4013 98b,
3721 3952 3853 4012 END:

2400 4000 2670 4060 Compendii
2694 4004 2940 4064 peroratio.

2443 4084 2619 4144 Quarto.
2660 4088 2788 4148 Ja-clo
2820 4085 2837 4145 d
2869 4086 2909 4146 es
2941 4084 3038 4144 f-i10
3070 4087 3166 4147 k12.1
3206 4095 3255 4155 98
3295 4094 3448 4154 leaves,
3480 4096 3544 4156 the
3584 4096 3673 4156 first
3705 4100 3849 4160 blank.

2402 4136 2457 4196 34:
2485 4136 2523 4196 25
2560 4140 2681 4200 lines,
2710 4144 2802 4204 134X
2831 4144 2934 4204 85-7
2961 4144 3073 4204 mm.
3101 4144 3251 4204 Type:
3269 4148 3344 4208 107
3372 4148 3475 4208 GR.
3511 4151 3671 4211 Capital
3689 4152 3847 4212 spaces.

2389 4188 2489 4248 Hain
2525 4192 2703 4252 *15241.

2446 4259 2480 4319 In
2513 4258 2598 4318 this
2615 4260 2691 4320 and
2716 4260 2784 4320 the
2809 4260 2885 4320 two
2919 4264 3113 4324 following
3148 4266 3274 4326 books
3299 4268 3359 4328 the
3384 4268 3477 4328 type
3502 4268 3536 4328 is
3562 4268 3587 4328 in
3620 4271 3671 4331 its
3697 4272 3848 4332 earliest

2388 4307 2505 4367 state,
2527 4308 2615 4368 with
2644 4312 2776 4372 purely
2812 4316 2936 4376 roman
2974 4316 3091 4376 lower
3120 4316 3222 4376 case.
3259 4316 3339 4376 The
3368 4316 3442 4376 two
3471 4320 3603 4380 signed
3633 4323 3757 4383 books
3779 4324 3837 4384 are

2390 4360 2497 4420 taken
2525 4361 2555 4421 to
2583 4364 2619 4424 be
2640 4364 2697 4424 the
2727 4364 2877 4424 earliest
2899 4364 2991 4424 work
3020 4368 3057 4428 of
3078 4368 3135 4428 the
3156 4368 3286 4428 press,
3300 4370 3479 4430 together
3493 4372 3580 4432 with
3608 4372 3837 4432 Tardivus's

2386 4412 2664 4472 Grammatica
2694 4418 3011 4478 compendiosa,
3041 4420 3162 4480 which
3207 4424 3388 4484 contains
3418 4424 3486 4484 the
3516 4428 3621 4488 same
3660 4428 3840 4488 metrical

2386 4465 2585 4525 colophon
2617 4468 2793 4528 (Proctor
2817 4469 2944 4529 17898
2969 4476 3024 4536 A).

2444 4548 2525 4608 213
2549 4548 2566 4608 X
2599 4548 2672 4608 147
2705 4548 2819 4608 mm.
2852 4552 3122 4612 Imperfect,
3146 4556 3326 4616 wanting
3366 4556 3432 4616 the
3457 4557 3628 4617 inmost
3653 4560 3775 4620 sheet
3800 4560 3840 4620 of

2392 4609 2505 4669 quire
2538 4612 2628 4672 h),
2644 4612 2709 4672 the
2742 4612 2856 4672 place
2889 4612 2930 4672 of
2955 4616 3085 4676 which
3118 4616 3151 4676 is
3175 4620 3297 4680 taken
3330 4620 3379 4680 by
3411 4620 3427 4680 a
3452 4622 3673 4682 duplicate
3705 4624 3746 4684 of
3770 4624 3835 4684 the

2391 4672 2621 4732 preceding
2666 4676 2808 4736 sheet,
2837 4676 2919 4736 also
2956 4679 3031 4739 the
3068 4680 3224 4740 blank.
3269 4684 3567 4744 Rubricated.
3611 4684 3730 4744 With
3768 4685 3834 4745 the

2393 4736 2657 4796 book-label
2685 4738 2733 4798 of
2761 4739 2827 4799 the
2874 4741 3148 4801 Bibliotheca
3186 4745 3423 4805 Ambrosii
3441 4748 3640 4808 Firmini
3668 4748 3847 4808 Didoti.

2390 4800 2539 4860 Bound
2580 4804 2614 4864 in
2647 4804 2830 4864 crushed
2864 4808 2988 4868 green
3021 4808 3221 4868 morocco
3254 4810 3304 4870 by
3345 4812 3511 4872 Lortic.

2450 4882 2632 4942 Bought
2658 4884 2685 4944 in
2722 4886 2849 4946 July,
2867 4888 3003 4948 1881.

3569 4896 3658 4956 IA.
3678 4900 3847 4960 39224.
