4288 6016
430 656 728 716 MAGNI,
757 648 1045 708 JACOBUS.
1094 644 1559 704 Sophologium.

1360 712 1422 772 *1
1453 724 1672 784 June?,
1704 731 1869 791 1477.

469 836 538 896 2a.
565 828 776 888 Sequitur
802 824 950 884 tabula
986 820 1248 880 capitulorum
1276 820 1564 880 Sophologij.
1600 816 1669 876 52.
1696 816 1871 876 Doctis-

422 901 522 961 simi
549 897 641 957 atque
660 888 990 948 exellentissimi
1018 884 1183 944 patris:
1201 884 1384 944 sacrarum
1412 884 1596 944 litteraru

430 959 727 1019 deuotissimi:
746 952 895 1012 fratris
913 951 1071 1011 lacobi
1089 948 1266 1008 magni:
1284 950 1341 1010 ..
1350 948 1368 1008 .
1387 948 1666 1008 sophologium
1712 944 1879 1004 incipit

563 1020 701 1080 Ibid.,
724 1020 762 1080 l.
785 1016 870 1076 20:
893 1014 1116 1074 Capitulum
1139 1012 1316 1072 primum.
1355 1012 1547 1072 qualiter
1578 1012 1693 1072 sapia
1731 1008 1877 1068 reddit

421 1090 621 1150 homines
646 1084 820 1144 felices.
863 1079 994 1139 2182,
1020 1076 1306 1136 COLOPHON:
1333 1076 1489 1136 Iacobi
1516 1074 1680 1134 Magni
1707 1072 1871 1132 sopho¬

433 1151 556 1211 logium
584 1146 679 1206 finit
716 1144 924 1204 feliciter.
972 1140 1104 1200 218b.
1142 1140 1426 1200 Epigramma
1464 1140 1511 1200 ad
1558 1136 1691 1196 huius
1729 1136 1881 1196 operis

845 1212 890 1272 ..
949 1204 1024 1264 (v.
1046 1204 1121 1264 10)
1143 1204 1262 1264 Mille
1299 1204 1634 1264 voluminibus:
1657 1200 1872 1260 clauditur

434 1212 746 1272 conspectorem.

429 1280 509 1340 hoc
536 1277 678 1337 opere.
750 1268 876 1328 Anno
902 1268 992 1328 dni
1001 1268 1260 1328 millesimo.
1269 1268 1385 1328 cccc.
1394 1267 1546 1327 lxxvij.
1563 1265 1653 1325 die.
1662 1265 1697 1325 j.
1715 1262 1876 1322 mensis

435 1344 566 1404 Iunij.
606 1335 868 1395 Impressum
918 1332 999 1392 fuit
1024 1332 1130 1392 istud
1164 1332 1450 1392 sophologium
1499 1328 1688 1388 parisius
1712 1329 1745 1389 pro
1762 1328 1851 1388 Mar

427 1408 529 1468 tinum
545 1404 718 1464 crantz.
756 1396 968 1456 Vdalricum
992 1398 1188 1458 gering/
1204 1396 1251 1456 et
1274 1396 1503 1456 Michaelem
1526 1392 1769 1452 friburger.

489 1490 652 1550 Quarto.
692 1481 801 1541 a-x1°
829 1473 897 1533 y8.
931 1480 1005 1540 218
1040 1480 1183 1540 leaves,
1210 1480 1271 1540 the
1304 1480 1393 1540 first
1420 1480 1556 1540 blank.
1598 1479 1665 1539 92:
1685 1478 1733 1538 32
1761 1476 1862 1536 lines

440 1546 504 1606 183
528 1541 544 1601 X
568 1540 713 1600 112-14
746 1536 850 1596 mm.
883 1533 1044 1593 Types:
1068 1532 1140 1592 114
1173 1532 1285 1592 SG.;
1301 1532 1350 1592 90
1382 1532 1455 1592 G.,
1471 1531 1720 1591 signatures,
1736 1529 1881 1589 guide¬

423 1596 570 1656 letters.
605 1592 766 1652 Capital
787 1588 949 1648 spaces,
969 1588 1054 1648 with
1088 1584 1390 1644 guide-letters.
1425 1584 1523 1644 Hain
1558 1584 1705 1644 10478.

485 1672 724 1732 Reprinted,
745 1668 831 1728 with
865 1668 925 1728 the
958 1668 1059 1728 same
1092 1664 1419 1724 page-contents,
1439 1664 1526 1724 from
1573 1663 1633 1723 the
1667 1660 1807 1720 edition
1840 1660 1880 1720 of

433 1731 455 1791 1
477 1728 593 1788 June,
615 1726 710 1786 1475
732 1721 820 1781 (IB.
842 1720 1009 1780 39055).
1039 1717 1126 1777 The
1147 1716 1411 1776 month-date
1433 1716 1462 1776 is
1491 1716 1651 1776 suspect
1673 1716 1710 1776 as
1732 1716 1870 1776 having

435 1783 524 1843 been
551 1778 661 1838 taken
688 1774 784 1834 over
811 1772 1010 1832 unaltered
1045 1772 1120 1832 from
1168 1772 1236 1832 the
1264 1770 1401 1830 earlier
1421 1768 1599 1828 edition.

489 1856 529 1916 In
556 1856 624 1916 this
644 1852 740 1912 book
767 1852 855 1912 type
882 1852 950 1912 114
977 1852 1066 1912 SG.
1079 1852 1256 1912 contains
1283 1848 1527 1908 admixtures
1548 1848 1690 1908 similar
1710 1848 1745 1908 to
1772 1848 1873 1908 those

438 1912 550 1972 found
583 1912 609 1972 in
642 1908 702 1968 the
728 1908 841 1968 Bible
867 1908 959 1968 (IC.
986 1908 1131 1968 39070,
1150 1904 1269 1964 q.v.).

496 1994 611 2054 277X
645 1995 720 2055 186
753 1992 869 2052 mm.
902 1988 1110 2048 Without
1135 1988 1201 2048 the
1234 1988 1391 2048 blank.
1426 1988 1723 2048 Rubricated.
1757 1984 1873 2044 With

441 2060 505 2120 the
545 2056 747 2116 armorial
779 2056 1037 2116 book-plate
1078 2052 1118 2112 of
1150 2051 1223 2111 Sir
1255 2048 1417 2108 Willm.
1449 2052 1618 2112 Curtis,
1650 2048 1788 2108 Bart.,
1812 2048 1884 2108 the

434 2124 649 2184 signature
672 2123 734 2183 (on
772 2120 788 2180 a
810 2120 1003 2180 fly-leaf)
1027 2116 1065 2176 of
1088 2116 1180 2176 Ann
1211 2116 1403 2176 Maskall
1426 2116 1504 2176 and
1534 2113 1604 2173 the
1627 2112 1888 2172 book-label

441 2191 489 2251 of
513 2188 674 2248 George
698 2184 859 2244 Dunn,
875 2180 1068 2240 Woolley
1100 2180 1220 2240 Hall,
1244 2180 1333 2240 with
1365 2177 1743 2237 bibliographical
1759 2176 1879 2236 notes

434 2254 473 2314 in
503 2252 566 2312 his
596 2252 706 2312 hand
744 2248 791 2308 on
830 2248 853 2308 a
884 2244 1078 2304 fly-leaf.

1619 2336 1710 2396 IB.
1726 2336 1899 2396 39080.

501 2344 671 2404 Bought
701 2344 730 2404 in
766 2340 1018 2400 February,
1040 2344 1172 2404 1914.

443 2588 928 2648 LEONARDUS
992 2588 1383 2648 [MATTHAEIJ
1425 2584 1519 2644 DE
1594 2582 1889 2642 UTINO.

519 2672 818 2732 Sermones
856 2668 1414 2728 quadragesimales.

1220 2738 1324 2798 *31
1370 2748 1648 2808 October,
1682 2753 1879 2813 [1477.

505 2832 564 2892 22.
602 2832 847 2892 Sermones
892 2828 1309 2888 Quadragesimales
1353 2824 1406 2884 de
1458 2827 1652 2887 Legibus
1697 2824 1741 2884 ex
1801 2823 1897 2883 imij

452 2896 557 2956 sacre
606 2896 819 2956 theologie
868 2894 1064 2954 doctoris
1113 2892 1276 2952 Fratris
1325 2892 1554 2952 Leonardi
1652 2888 1880 2948 dVtino

1935 624 2099 684 ordinis
2152 624 2317 684 fratrum
2396 620 2778 680 predicattorum.
2844 620 3094 680 incispiunt
3134 620 3338 680 feliciter.

1936 688 2083 748 Sermo
2129 688 2296 748 primus
2336 688 2370 748 in
2417 684 2483 744 die
2524 684 2678 744 cinerum
2711 684 2757 744 de
2804 684 2978 744 peccato
3018 680 3159 740 Gule.
3252 684 3385 744 IAua.

1940 752 2090 812 Math.
2110 752 2158 812 6.
2179 752 2281 812 cap.
2301 748 2444 808 Hodie
2486 748 2649 808 anima
2677 748 2820 808 fidelis
2847 745 3031 805 simplex
3072 744 3086 804 i
3113 748 3394 808 deuota...

1948 817 2063 877 305b,
2094 812 2393 872 COLOPHON:
2416 812 2655 872 Sermones
2694 809 3101 869 quadragesimales
3132 808 3178 868 de
3216 810 3385 870 legibus

1938 880 2091 940 eximij
2146 880 2261 940 sacre
2292 876 2507 936 theologie
2538 876 2754 936 pfessoris
2777 876 2923 936 fratris
2946 872 3154 932 leonardi
3177 872 3224 932 de
3247 872 3309 932 vti
3339 870 3385 930 no

1936 944 2099 1004 ordinis
2140 940 2283 1000 fratrum
2317 940 2617 1000 predicatorum
2678 940 2848 1000 finiunt
2875 940 3392 1000 feliciter.Impressi

1943 1008 2122 1068 Parisius
2157 1004 2185 1064 in
2226 1004 2309 1064 sole
2343 1004 2461 1064 aureo
2502 1004 2530 1064 in
2565 1004 2655 1064 vico
2689 1004 2835 1064 sancti
2855 1000 2890 1060 ia
2938 1000 3049 1060 cobi
3069 1000 3201 1060 prope
3236 1000 3387 1060 sanctum

1941 1072 2168 1132 benedictu
2211 1072 2233 1132 p
2285 1068 2563 1128 honorabiles
2599 1068 2716 1128 viros
2804 1064 3038 1124 Martinum
3104 1064 3324 1124 Vdalricum
3353 1061 3396 1121 et

1944 1136 2156 1196 Michaele
2192 1132 2344 1192 Anno.
2360 1129 2497 1189 xvii°.
2555 1132 2643 1192 dni
2665 1132 2804 1192 nostri
2826 1128 2942 1188 regis
2971 1128 3212 1188 Ludouici.
3234 1128 3299 1188 xj.
3321 1128 3386 1188 die

1940 1196 2035 1256 vero
2062 1196 2211 1256 vltima
2238 1196 2300 1256 me
2341 1196 2395 1256 sis
2415 1196 2633 1256 octobris.
2667 1193 2790 1253 3062.
2810 1192 2980 1252 Tabula
3007 1192 3163 1252 omnium
3184 1188 3394 1248 sermonum

1939 1260 2171 1320 contentou
2219 1260 2253 1320 in
2307 1260 2383 1320 hoc
2430 1260 2703 1320 volumine
2745 1256 2846 1316 scôm
2915 1256 3099 1316 ordinem
3161 1252 3399 1312 foliorum.

1948 1324 2068 1384 3072.
2099 1324 2317 1384 IINcipit
2347 1324 2491 1384 tabula
2529 1320 2673 1380 breuis
2710 1320 2839 1380 huius
2876 1320 3020 1380 operis
3050 1320 3201 1380 ordine
3246 1317 3367 1377 alpha

1946 1388 2133 1448 betico/
2161 1388 2274 1448 iuxta
2314 1388 2609 1448 pncipaliores
2642 1388 2749 1448 legum
2769 1380 3237 1440 osiderationes....
3270 1380 3405 1440 3116,

1949 1451 2231 1511 COLOPHON:
2264 1448 2389 1508 Finit
2422 1450 2632 1510 registrum
2698 1448 2796 1508 opis
2823 1448 2981 1508 huius.
3027 1444 3211 1504 virtutes
3243 1444 3401 1504 viciaque

1949 1516 2135 1576 ordine
2171 1516 2433 1576 alphabetico
2467 1512 2723 1572 breuissime
2744 1508 2987 1568 annotans.
3014 1508 3055 1568 In
3090 1508 3166 1568 quo
3201 1508 3235 1568 si
3249 1508 3346 1568 quid

1949 1580 1990 1640 de
2017 1576 2153 1636 virtue
2180 1580 2378 1640 prompte
2405 1576 2602 1636 repertum
2656 1576 2724 1636 non
2758 1574 2887 1634 fuerit
2914 1572 2955 1632 de
2983 1572 3084 1632 vicio
3112 1572 3146 1632 ei
3186 1572 3390 1632 opposito

1949 1644 1981 1704 et
2007 1644 2224 1704 viceuersa
2258 1640 2329 1700 aut
2349 1640 2540 1700 vtriusque
2559 1640 2777 1700 sinonimi
2797 1636 2882 1696 loco
2915 1636 3027 1696 recte
3093 1636 3382 1696 cospicietur.

2004 1716 2136 1776 Folio.
2170 1716 2322 1776 Ja-o1°;
2343 1716 2413 1776 p-z
2440 1716 2454 1776 7
2475 1716 2488 1776 5
2524 1716 2537 1776 »
2572 1710 2717 1770 A-D1°
2738 1706 2814 1766 E6;
2835 1708 2898 1768 «6.
2953 1711 3023 1771 312
3050 1709 3202 1769 leaves,
3223 1708 3286 1768 the
3313 1708 3396 1768 first

1944 1772 2009 1832 and
2050 1768 2128 1828 last
2157 1768 2300 1828 blank,
2330 1770 2454 1830 2-305
2490 1764 2746 1824 numbered:
2775 1764 2864 1824 foliu
2912 1760 3173 1820 primû-208,
3202 1761 3405 1821 208-303.

1954 1829 1961 1889 2
1999 1820 2205 1880 columns.
2250 1821 2315 1881 32:
2340 1816 2379 1876 60
2417 1818 2520 1878 lines
2553 1817 2623 1877 and
2661 1816 2887 1876 head-line,
2920 1816 2990 1876 271
3028 1813 3138 1873 (287)
3150 1812 3164 1872 X
3196 1812 3266 1872 187
3299 1812 3401 1872 mm.

1957 1876 2086 1936 Type:
2118 1872 2163 1932 90
2194 1872 2255 1932 G.
2294 1872 2463 1932 Capital
2486 1872 2647 1932 spaces,
2669 1868 2777 1928 those
2815 1868 2853 1928 at
2884 1868 2946 1928 the
2976 1868 3191 1928 beginning
3229 1864 3275 1924 of
3298 1866 3390 1926 each

1948 1924 2099 1984 sermon
2141 1924 2226 1984 with
2268 1924 2571 1984 guide-letters.
2613 1920 2698 1980 The
2734 1920 2964 1980 head-lines
2994 1920 3079 1980 give
3115 1920 3182 1980 the
3218 1917 3400 1977 sermon-

1939 1980 2139 2040 numbers
2164 1980 2233 2040 and
2265 1976 2472 2036 foliation.
2503 1976 2603 2036 Hain
2640 1976 2785 2036 16118.

2009 2049 2087 2109 The
2111 2048 2365 2108 seventeenth
2395 2044 2486 2104 year
2510 2044 2547 2104 of
2571 2044 2631 2104 the
2661 2044 2758 2104 reign
2794 2044 2830 2104 of
2855 2044 2976 2104 Louis
3000 2040 3061 2100 XI
3085 2040 3199 2100 began
3235 2042 3260 2102 in
3296 2042 3399 2102 July,

1956 2108 2076 2168 1477.

2013 2168 2090 2228 The
2122 2168 2289 2228 absence
2327 2169 2373 2229 of
2398 2166 2552 2226 printed
2591 2164 2815 2224 signatures
2847 2164 2879 2224 in
2918 2160 2995 2220 this
3027 2160 3123 2220 book
3168 2160 3265 2220 after
3297 2160 3399 2220 their

1952 2220 2227 2280 employment
2253 2220 2509 2280 throughout
2535 2216 2600 2276 the
2632 2216 2780 2276 Nider,
2805 2216 3017 2276 Manuale,
3042 2215 3138 2275 etc.,
3164 2212 3203 2272 of
3235 2212 3248 2272 5
3286 2212 3401 2272 April

1946 2273 2067 2333 (Hain
2100 2273 2261 2333 11844),
2281 2272 2347 2332 and
2381 2272 2441 2332 the
2475 2272 2621 2332 Magni
2641 2268 2682 2328 of
2702 2268 2715 2328 1
2742 2268 2842 2328 June
2869 2268 2956 2328 (IB.
2976 2268 3123 2328 39080)
3150 2268 3183 2328 of
3210 2264 3270 2324 the
3296 2264 3397 2324 same

1955 2330 2044 2390 vear
2067 2327 2097 2387 is
2120 2324 2367 2384 noticeable.

2007 2392 2090 2452 The
2122 2392 2301 2452 wording
2340 2392 2378 2452 of
2404 2392 2468 2452 the
2500 2392 2641 2452 incipit
2673 2391 2737 2451 and
2776 2388 2968 2448 colophon
3006 2385 3052 2445 of
3077 2387 3141 2447 the
3173 2388 3270 2448 table
3308 2384 3398 2444 goes

1953 2448 2042 2508 back
2071 2448 2101 2508 to
2124 2444 2184 2504 the
2208 2444 2349 2504 edition
2385 2444 2598 2504 assignable
2622 2440 2652 2500 to
2681 2440 2871 2500 Winters,
2888 2440 3090 2500 Cologne,
3107 2442 3196 2502 1475
3226 2436 3397 2496 (Proctor

1957 2500 2103 2560 11179,
2123 2496 2343 2556 Voulliéme
2370 2498 2483 2558 744),
2503 2492 2624 2552 which
2657 2493 2683 2553 is
2710 2492 2910 2552 contained
2944 2492 2977 2552 in
3010 2492 3070 2552 the
3097 2492 3197 2552 same
3230 2488 3397 2548 number

1954 2548 1991 2608 of
2015 2552 2164 2612 printed
2194 2548 2343 2608 leaves,
2362 2548 2460 2608 after
2485 2548 2658 2608 allowing
2689 2548 2745 2608 for
2770 2548 2782 2608 a
2806 2545 2874 2605 list
2893 2544 2936 2604 of
2955 2544 3134 2604 sermons
3159 2544 3202 2604 on
3233 2544 3295 2604 the
3320 2543 3406 2603 first

1952 2604 2055 2664 leaf.

2023 2678 2090 2738 380
2120 2676 2135 2736 x
2165 2676 2241 2736 264
2278 2676 2392 2736 mm.
2429 2676 2693 2736 Imperfect,
2716 2675 2905 2735 wanting
2942 2672 3002 2732 the
3040 2672 3123 2732 last
3146 2668 3228 2728 two
3259 2668 3402 2728 leaves

1960 2744 2008 2804 of
2025 2740 2147 2800 quire
2180 2740 2261 2800 sul,
2286 2740 2530 2800 numbered
2563 2736 2669 2796 198,
2694 2739 2792 2799 199,
2817 2736 2898 2796 also
2930 2736 2996 2796 the
3021 2732 3200 2792 blanks.
3241 2732 3405 2792 Rubri¬

1959 2804 2105 2864 cated.
2141 2804 2251 2864 From
2302 2804 2368 2864 the
2404 2800 2557 2860 library
2594 2800 2638 2860 of
2660 2800 2725 2860 the
2761 2800 2885 2860 Duke
2923 2800 2966 2860 of
2988 2797 3170 2857 Sussex.

3136 2880 3229 2940 IC.
3245 2880 3414 2940 39081.

2017 2884 2200 2944 Bought
2222 2884 2253 2944 in
2291 2884 2573 2944 November,
2603 2887 2732 2947 1844.
