4253 6016
886 3795 1349 3855 BARZIZIUS,
1368 3796 1782 3856 GASPARINUS.
1821 3794 2146 3854 Epistolae.
2175 3796 2344 3856 [Edi¬

1993 3875 2349 3935 *Undated.

964 3872 1041 3932 ted
1090 3876 1148 3936 by
1186 3876 1476 3936 Johannes
1506 3876 1573 3936 de
1602 3876 1854 3936 Lapide.

941 3961 1003 4021 1e.
1035 3964 1450 4024 GVILLERMVS
1498 3964 1710 4024 Fichetus
1749 3964 2007 4024 parisiensis
2101 3968 2337 4028 theologus

884 4030 1299 4090 doctorIoanni
1333 4028 1564 4088 Lapidano
1613 4028 1694 4088 Sor
1742 4028 1959 4088 bonensis
2001 4028 2164 4088 scholae
2205 4028 2342 4088 priori

879 4092 1092 4152 salutem;
1118 4092 1175 4152 22.
1195 4092 1312 4152 (red)
1331 4092 1576 4152 Gasparini
1596 4092 1899 4152 pergamensis
1919 4092 2158 4152 clarissimi
2177 4092 2320 4152 orato¬

879 4156 939 4216 ris
1007 4156 1219 4216 epistolar
1256 4156 1362 4216 liber
1392 4156 1603 4216 foeliciter
1633 4156 1814 4216 incipit;
1898 4156 2064 4216 (black)
2086 4156 2328 4216 [GJAudeo

881 4220 1105 4280 plurimum
1166 4220 1206 4280 ac
1248 4220 1370 4280 laetor
1403 4220 1438 4280 in
1519 4220 1567 4280 ea
1600 4220 1635 4280 te
1669 4220 1886 4280 sententia
1920 4220 2036 4280 esse.
2076 4220 2179 4280 ...
2219 4221 2341 4281 1182,

887 4282 1186 4342 COLOPHON:

1124 4360 1268 4420 Foelix
1302 4364 1437 4424 Eplar
1472 4364 1718 4424 Gasparini
1743 4366 1871 4426 finis;

1067 4421 1121 4481 Vt
1148 4424 1214 4484 sol
1235 4424 1409 4484 lumen.
1449 4424 1510 4484 sic
1536 4426 1764 4486 doctrinam
1818 4428 1965 4488 fundis
1999 4428 2025 4488 in
2066 4428 2193 4488 orbem

1121 4488 1335 4548 Musarum
1388 4488 1576 4548 nutrix/
1604 4491 1717 4551 regia
1744 4488 1958 4548 parisius;

1058 4552 1170 4612 Hinc
1204 4552 1337 4612 prope
1372 4552 1546 4612 diuinam
1637 4552 1672 4612 tu
1707 4552 1798 4612 quam
1825 4552 2042 4612 germania
2076 4552 2202 4612 nouit

1113 4615 1246 4675 Artem
1304 4612 1544 4672 scribendi.
1589 4613 1760 4673 suscipe
1798 4613 2064 4673 promerita;

1062 4676 1232 4736 Primos
1257 4676 1352 4736 ecce
1384 4676 1541 4736 libros,
1580 4676 1693 4736 quos
1725 4676 1812 4736 haec
1845 4680 2052 4740 industria
2084 4680 2210 4740 finxit

1114 4740 1368 4800 Francorum
1420 4740 1452 4800 in
1492 4740 1641 4800 terris.
1674 4740 1850 4800 aedibus
1876 4741 1968 4801 atque
1987 4742 2105 4802 tuis;

1061 4804 1263 4864 Michael
1285 4804 1516 4864 Vdalricus
1546 4804 1567 4864 /
1589 4804 1864 4864 Martinusque
1885 4804 2087 4864 magistri

1119 4868 1213 4928 Hos
1239 4868 1591 4928 impresserunt.
1624 4868 1672 4928 ac
1698 4868 1867 4928 facient
1887 4872 2022 4932 alios;

2462 3776 2632 3836 Quarto.
2658 3775 2776 3835 Ja-11°
2795 3772 2874 3832 m8.
2927 3776 2992 3836 118
3019 3776 3164 3836 leaves.
3196 3777 3261 3837 32:
3282 3776 3321 3836 22
3347 3774 3458 3834 lines,
3484 3772 3583 3832 126X
3609 3775 3734 3835 79-80
3760 3773 3858 3833 mm.

2410 3827 2543 3887 Type:
2572 3828 2636 3888 115
2676 3828 2728 3888 R.
2769 3828 2931 3888 Capital
2954 3828 3111 3888 spaces,
3139 3825 3209 3885 also
3250 3828 3359 3888 space
3394 3824 3458 3884 for
3487 3824 3649 3884 heading
3690 3826 3719 3886 to
3759 3827 3840 3887 each

2401 3880 2561 3940 epistle.
2609 3880 2811 3940 Irregular
2840 3878 3137 3938 line-endings.
3184 3878 3262 3938 Red
3309 3880 3464 3940 printed
3505 3880 3671 3940 heading
3719 3880 3761 3940 on
3802 3877 3862 3937 22.

2405 3933 2500 3993 Hain
2535 3932 2654 3992 2674.
2690 3932 3010 3992 Gesamtkatalog
3046 3933 3164 3993 3675.
3200 3932 3366 3992 Claudin
3395 3934 3425 3994 i.

2461 4028 2543 4088 The
2568 4028 2650 4088 first
2675 4028 2775 4088 three
2807 4028 2939 4088 letters
2964 4025 3003 4085 of
3028 4028 3084 4088 the
3109 4028 3223 4088 name
3254 4026 3323 4086 now
3362 4024 3519 4084 reading
3563 4028 3796 4088 Vdalricus'
3815 4026 3840 4086 in

2404 4080 2463 4140 the
2496 4080 2567 4140 last
2594 4080 2664 4140 line
2697 4080 2773 4140 but
2795 4080 2865 4140 one
2898 4077 2941 4137 of
2963 4077 3029 4137 the
3061 4080 3251 4140 colophon
3289 4078 3382 4138 have
3414 4077 3507 4137 been
3545 4078 3784 4138 substituted
3822 4078 3849 4138 in

2403 4130 2485 4190 very
2519 4132 2613 4192 neat
2635 4132 2906 4192 pen-and-ink
2940 4130 3001 4190 for
3029 4132 3140 4192 those
3173 4132 3372 4192 originally
3406 4128 3466 4188 set
3495 4130 3539 4190 up
3577 4130 3716 4190 (which
3755 4128 3849 4188 have

2400 4184 2488 4244 been
2522 4184 2678 4244 erased)
2700 4184 2761 4244 and
2794 4180 2884 4240 over
2906 4184 2917 4244 a
2944 4182 3028 4242 first
3044 4180 3256 4240 correction
3283 4182 3311 4242 in
3344 4180 3400 4240 red
3428 4181 3517 4241 ink.
3539 4183 3622 4243 The
3645 4180 3756 4240 latter
3778 4180 3850 4240 was

2400 4236 2606 4296 doubtless
2628 4236 2742 4296 made
2769 4236 2796 4296 in
2828 4236 2889 4296 the
2916 4236 3111 4296 printers'
3127 4236 3263 4296 office,
3279 4236 3317 4296 as
3339 4236 3399 4296 the
3431 4236 3584 4296 erasure
3611 4236 3638 4296 is
3665 4236 3844 4296 common

2403 4288 2433 4348 to
2468 4288 2521 4348 all
2539 4288 2674 4348 known
2710 4288 2869 4348 copies.

2463 4380 2537 4440 The
2571 4380 2734 4440 heading
2761 4380 2810 4440 on
2837 4377 2877 4437 22
2904 4378 2931 4438 is
2953 4380 3108 4440 printed
3143 4380 3244 4440 black
3278 4380 3306 4440 in
3340 4380 3448 4440 some
3476 4380 3625 4440 copies.

2460 4465 2537 4525 The
2566 4468 2650 4528 first
2667 4468 2809 4528 edition
2840 4468 2940 4528 and,
2958 4468 2994 4528 as
3017 4468 3076 4528 the
3101 4468 3296 4528 colophon
3325 4468 3473 4528 shows,
3492 4468 3551 4528 the
3574 4468 3664 4528 first
3681 4468 3853 4528 product

2397 4521 2437 4581 of
2459 4524 2522 4584 the
2551 4524 2676 4584 press.
2715 4524 2750 4584 In
2784 4524 2841 4584 his
2869 4524 2977 4584 letter
3006 4520 3034 4580 to
3068 4520 3126 4580 the
3154 4520 3285 4580 editor
3307 4520 3347 4580 on
3382 4516 3421 4576 1e
3444 4520 3632 4580 Fichetus
3660 4520 3859 4580 remarks:

2400 4572 2556 4632 Misisti
2572 4572 2700 4632 nuper
2728 4572 2761 4632 ad
2794 4575 2850 4635 me
2884 4572 2961 4632 ...
2978 4572 3200 4632 Gasparini
3217 4572 3234 4632 .
3250 4572 3267 4632 .
3283 4572 3294 4632 .
3317 4572 3500 4632 epistolas
3522 4572 3595 4632 non
3628 4572 3644 4632 a
3672 4572 3700 4632 te
3728 4572 3844 4632 modo

2404 4625 2610 4685 diligenter
2637 4624 2865 4684 emendatas
2887 4624 2947 4684 sed
2980 4624 2990 4684 a
3017 4627 3094 4687 tuis
3115 4624 3279 4684 quoque
3306 4624 3518 4684 Germanis
3545 4624 3854 4684 impressoribus

2396 4679 2523 4739 nitide
2555 4679 2589 4739 &
2605 4676 2704 4736 terse
2731 4678 3099 4738 transcriptas...

2461 4766 2551 4826 This
2582 4768 2612 4828 is
2636 4768 2696 4828 the
2733 4768 2817 4828 only
2848 4768 2944 4828 book
2981 4768 3023 4828 of
3048 4768 3151 4828 those
3187 4768 3272 4828 here
3302 4768 3532 4828 catalogued
3568 4768 3683 4828 which
3720 4764 3847 4824 shows

2392 4821 2454 4881 the
2488 4823 2574 4883 type
2608 4820 2636 4880 in
2670 4820 2722 4880 its
2750 4820 2909 4880 earliest
2932 4816 3052 4876 state.
3091 4820 3240 4880 Lapide
3274 4820 3347 4880 was
3376 4820 3518 4880 elected
3564 4820 3694 4880 prior'
3718 4820 3763 4880 of
3786 4820 3842 4880 the

2392 4876 2605 4936 Sorbonne
2635 4876 2670 4936 at
2694 4876 2753 4936 the
2783 4876 2854 4936 end
2889 4876 2931 4936 of
2954 4876 3120 4936 March,
3144 4876 3262 4936 1470.
