4288 6016
918 1360 1300 1420 FLORIUS,
1329 1364 1740 1424 FRANCISCUS.
1787 1364 1874 1424 De
1911 1364 2102 1424 amore
2141 1368 2379 1428 Camilli

992 1442 1043 1502 et
1086 1444 1727 1504 Emiliae.—Leonardi
1761 1444 1991 1504 Aretini
2025 1448 2257 1508 libellus
2299 1448 2358 1508 de

992 1523 1214 1583 duobus
1275 1524 1608 1584 amantibus
1677 1528 2002 1588 Guiscardo
2070 1528 2130 1588 et
2190 1526 2369 1586 Sigis¬

986 1604 1203 1664 munda
1243 1604 1291 1664 ex
1340 1608 1645 1668 Boccaccio
1686 1608 2160 1668 transfiguratus.

2068 1690 2367 1750 Undated.

981 1767 1041 1827 12.
1064 1772 1297 1832 Francisci
1328 1772 1471 1832 Florii
1502 1776 1743 1836 Floretini.
1796 1775 1848 1835 de
1887 1776 2031 1836 amore
2076 1772 2302 1832 Camilli
2324 1775 2370 1835 et

913 1832 1066 1892 Emilie
1100 1836 1419 1896 aretinorum/
1440 1836 1488 1896 ad
1524 1836 1801 1896 Guillermum
1856 1840 1919 1900 tar
1967 1837 2105 1897 diuum
2161 1836 2369 1896 prologus

911 1896 1096 1956 feliciter
1119 1900 1297 1960 incipit;
1355 1901 1405 1961 sI
1433 1900 1570 1960 adhuc
1598 1900 1763 1960 diucius
1792 1900 1828 1960 quam
1835 1900 1971 1960 tardum
2021 1900 2157 1960 ulixem
2208 1900 2357 1960 ca¬sta

910 1960 1218 2020 expectauerit
1244 1964 1487 2024 penelope.
1526 1964 1611 2024 ...
1651 1968 1716 2028 42.
1736 1964 1965 2024 Francisci
1991 1964 2136 2024 Florii
2156 1964 2372 2024 Floretini

913 2024 957 2084 de
987 2024 1128 2084 amore
1158 2024 1344 2084 Camilli
1389 2025 1433 2085 et
1455 2028 1604 2088 Emilie
1626 2028 1857 2088 aretinorum
1872 2028 1976 2088 liber
1991 2028 2177 2088 feliciter
2191 2028 2370 2088 incipit;

915 2090 1010 2150 422,
1031 2088 1324 2148 COLOPHON:
1344 2090 1577 2150 Francisci
1597 2091 1733 2151 Florii
1754 2092 2013 2152 Florentini
2067 2093 2115 2153 de
2190 2092 2367 2152 duobus

904 2152 1162 2212 amantibus
1189 2152 1299 2212 liber
1319 2152 1550 2212 feliciter
1577 2156 1774 2216 expletus
1801 2156 1863 2216 est
1884 2156 2081 2216 turonis.
2108 2156 2258 2216 editus
2319 2156 2353 2216 in

911 2216 1067 2276 domo.
1122 2216 1306 2276 domini
1347 2220 2029 2280 Guillermiarchiepiscopi
2071 2220 2350 2280 turonensis.

911 2284 979 2344 pri
1026 2278 1094 2338 die
1135 2280 1346 2340 kalendas
1387 2280 1598 2340 ianuarii.
1646 2280 1775 2340 Anno
1822 2284 2047 2344 dosmini.
2102 2283 2368 2343 millesimo¬

908 2342 1229 2402 quadringente
1282 2344 1910 2404 simosexagesimoseptimo;
1950 2348 2050 2408 42b.
2071 2348 2238 2408 Incipit
2258 2348 2365 2408 alius

910 2404 1080 2464 libellus
1121 2404 1169 2464 de
1209 2405 1386 2465 duobus
1428 2408 1646 2468 amantibus
1734 2408 1816 2468 per
1856 2409 2102 2469 Leonardum
2129 2408 2293 2468 aretini
2327 2408 2360 2468 in

910 2468 1048 2528 latinum
1076 2468 1118 2528 ex
1152 2468 1353 2528 boccacio
1429 2472 1802 2532 transfiguratus;
1864 2474 1955 2534 CVm
2010 2474 2154 2534 sepius
2183 2472 2334 2532 mecum

905 2531 1067 2591 egisses
1137 2535 1158 2595 .
1179 2538 1193 2598 .
1222 2541 1236 2601 .
1271 2540 1369 2600 432.
1398 2536 1553 2596 Sequit
1588 2539 1912 2599 transfiguratio
1947 2540 1961 2600 /
1989 2540 2067 2600 qua
2109 2536 2362 2596 Leonardus

912 2596 956 2656 de
1037 2596 1291 2656 Guiscardo
1329 2596 1372 2656 et
1401 2600 1686 2660 Sigismunda
1716 2600 1949 2660 Tancredi
1963 2601 2073 2661 filia.
2154 2600 2190 2660 in
2226 2604 2358 2664 latinu

911 2660 955 2720 ex
992 2660 1198 2720 Boccacio
1227 2661 1478 2721 conuertit;
1522 2664 1617 2724 502.
1639 2664 1786 2724 Finis;

971 2736 1137 2796 Quarto.
1183 2732 1292 2792 Ja-el
1388 2736 1433 2796 50
1472 2736 1619 2796 leaves.
1664 2740 1734 2800 52:
1760 2740 1806 2800 24
1844 2740 1965 2800 lines,
1998 2743 2100 2803 133X
2126 2740 2223 2800 80-2
2261 2740 2363 2800 mm.

916 2792 1052 2852 Type:
1071 2788 1142 2848 110
1174 2788 1264 2848 GR.
1304 2788 1464 2848 Capital
1484 2788 1645 2848 spaces,
1665 2789 1801 2849 mostly
1833 2792 1917 2852 with
1949 2792 2252 2852 guide-letters.

969 2856 1050 2916 The
1077 2856 1185 2916 verso
1219 2856 1259 2916 of
1279 2856 1360 2916 leaf
1380 2859 1394 2919 3
1421 2860 1455 2920 is
1475 2860 1616 2920 blank.

968 2924 1049 2984 The
1076 2924 1165 2984 type
1192 2924 1232 2984 of
1253 2925 1328 2985 this
1355 2928 1449 2988 book
1483 2928 1511 2988 is
1538 2928 1619 2988 very
1653 2928 1748 2988 fresh
1782 2928 1857 2988 and
1885 2930 1918 2990 in
1952 2932 2054 2992 what
2075 2932 2108 2992 is
2129 2932 2217 2992 here
2244 2932 2353 2992 taken

905 2978 941 3038 to
970 2976 1012 3036 be
1042 2976 1089 3036 its
1119 2976 1208 3036 first
1226 2977 1351 3037 state.

978 3048 1089 3108 178X
1126 3052 1193 3112 125
1223 3052 1334 3112 mm.
1357 3056 1646 3116 Rubricated.
1683 3056 1743 3116 On
1780 3056 1839 3116 the
1869 3056 1951 3116 last
1973 3056 2077 3116 page
2099 3056 2166 3116 are
2196 3056 2352 3116 written

907 3116 983 3176 two
1025 3116 1143 3176 Latin
1178 3116 1407 3176 epitaphs,
1427 3116 1504 3176 one
1532 3116 1581 3176 by
1615 3118 1844 3178 Pontanus
1872 3117 1921 3177 on
1956 3120 2108 3180 Petrus
2136 3120 2198 3180 his
2240 3120 2365 3180 com-

906 3180 1044 3240 pater'
1079 3179 1128 3239 at
1162 3180 1356 3240 Naples,
1384 3180 1453 3240 the
1494 3180 1626 3240 other
1661 3184 1758 3244 from
1820 3184 2021 3244 Brescia.
2069 3184 2360 3244 Eighteenth-

910 3242 1080 3302 century
1135 3244 1230 3304 blue
1285 3244 1448 3304 French
1503 3244 1735 3304 morocco,
1776 3244 1871 3304 with
1926 3246 1994 3306 the
2042 3244 2165 3304 label
2198 3248 2247 3308 of
2287 3248 2362 3308 the

913 3305 1113 3365 Musæum
1173 3308 1299 3368 Pauli
1329 3308 1552 3368 Girardot
1582 3308 1626 3368 de
1671 3308 1887 3368 Prefond,
1916 3308 1991 3368 and
2035 3308 2102 3368 the
2139 3310 2281 3370 stamp
2326 3312 2370 3372 of

909 3370 972 3430 the
1014 3368 1282 3428 Bibliotheca
1318 3372 1600 3432 Heberiana,
1629 3372 1721 3432 with
1763 3372 1777 3432 a
1812 3372 1911 3432 note
1946 3376 1981 3436 in
2024 3372 2214 3432 Heber's
2249 3376 2356 3436 hand

923 3436 1032 3496 3100
1064 3436 1284 3496 Hibberts
1315 3436 1409 3496 Sale
1441 3436 1542 3496 1829
1582 3440 1621 3500 4.
1644 3440 1715 3500 19.
1739 3437 1801 3497 0'.

974 3516 1197 3576 Grenville
1233 3516 1340 3576 copy
1366 3516 1455 3576 (G.
1473 3516 1660 3576 10468).

2086 3520 2176 3580 IA.
2203 3522 2366 3582 39210.

915 3867 1374 3927 RODERICUS
1449 3868 1759 3928 [SANCIUS]
1801 3868 2379 3928 ZAMORENSIS.

2030 3952 2377 4012 *Undated.

996 3948 1271 4008 Speculum
1343 3948 1482 4008 vitae
1518 3948 1838 4008 humanae.

968 4032 1030 4092 12.
1060 4031 1122 4091 Ad
1161 4032 1439 4092 sanctissimu
1477 4032 1516 4092 et
1539 4032 1825 4092 beatissimum
1917 4036 2102 4096 dominu
2180 4036 2357 4096 dominu

909 4096 1075 4156 Paulum
1151 4096 1279 4156 secun
1309 4096 1400 4156 dum
1476 4096 1687 4156 pontifice
1741 4099 1968 4159 maximû,
2028 4097 2141 4157 liber
2187 4096 2278 4156 inci
2301 4100 2368 4160 pit

911 4160 1051 4220 dictus
1086 4156 1275 4216 Speculu
1310 4160 1498 4220 humane
1533 4160 1617 4220 uite

1847 4166 1893 4226 (l.
1917 4164 1994 4224 14)
2024 4160 2362 4220 [SJAnctissimo

919 4224 964 4284 ac
1016 4222 1372 4282 clementissimo
1432 4224 1462 4284 in
1493 4224 1651 4284 christo
1681 4224 1795 4284 patri
1847 4228 1915 4288 ...
1938 4224 2058 4284 1162,
2082 4224 2368 4284 COLOPHON:

1033 4300 1186 4360 Edidit
1208 4302 1287 4362 hoc
1316 4304 1462 4364 lingue
1492 4302 1725 4362 clarissima
1754 4304 1908 4364 norma
1937 4305 2090 4365 latine.

1087 4364 1264 4424 Excelsi
1285 4368 1455 4428 ingenii
1476 4368 1547 4428 uir
1568 4367 1802 4427 rodoricus
1830 4368 1965 4428 opus.

1037 4432 1120 4492 Qui
1140 4428 1294 4488 norma
1328 4430 1515 4490 angelica
1549 4428 1584 4488 est
1598 4428 1737 4488 custos
1764 4428 1875 4488 bene
1903 4429 2021 4489 fidus
2048 4432 2076 4492 in
2117 4436 2242 4496 arce;

1089 4490 1167 4550 Sub
1209 4492 1330 4552 pauli
1351 4492 1508 4552 ueneti
1529 4492 1707 4552 nomine
1742 4492 1984 4552 pontificis.

1029 4556 1179 4616 Claret
1206 4556 1233 4616 in
1274 4556 1410 4616 italici
1431 4556 1696 4616 zamorensis
1731 4556 1928 4616 episcopi
1955 4557 2065 4617 ausis

1091 4620 1289 4680 Eloquii.
1329 4620 1363 4680 it
1387 4620 1576 4680 superos
1601 4620 1732 4680 gloria
1766 4622 1880 4682 parta
1914 4624 2020 4684 uiri;

912 4716 1036 4776 1192.
1067 4716 1130 4776 De
1169 4716 1364 4776 materiis
1402 4716 1721 4776 pertractandis
1753 4721 1792 4781 in
1877 4720 2026 4780 primo
2064 4720 2205 4780 libro.
2228 4724 2275 4784 et
2306 4724 2352 4784 de

912 4780 1054 4840 tabula
1100 4780 1288 4840 capitulo
1318 4780 1401 4840 rum
1462 4784 1582 4844 eius.
1634 4780 1763 4840 122b.
1800 4784 1966 4844 Incipit
2004 4784 2231 4844 Reptorium
2268 4785 2358 4845 siue

919 4844 1028 4904 Tabu
1098 4847 1129 4907 la
1160 4844 1230 4904 per
1261 4844 1503 4904 alphabetum
1527 4848 1542 4908 .
1565 4848 1581 4908 .
1604 4848 1620 4908 .
1659 4848 1783 4908 124°,
1807 4845 2049 4905 PRINTERS'
2072 4848 2368 4908 COLOPHON:

1037 4937 1093 4997 10

2559 1352 2654 1412 Hos
2681 1355 2770 1415 lege
2797 1354 2975 1414 diuinos
3002 1353 3140 1413 lector
3167 1356 3358 1416 studiose
3392 1356 3583 1416 libellos.

2624 1416 2738 1476 Vnde
2769 1416 2914 1476 trahes
2945 1416 3023 1476 uite
3060 1420 3290 1480 commoda
3321 1417 3454 1477 multa
3484 1416 3581 1476 tue.

2565 1480 2654 1540 Hoc
2679 1480 2856 1540 speculu
2895 1480 3014 1540 clarum
3040 1480 3249 1540 manibus
3274 1480 3439 1540 gestare
3471 1480 3685 1540 memento.

2623 1544 2706 1604 Que
2739 1544 2809 1604 tua
2842 1544 2893 1604 sit
2919 1544 3003 1604 uita
3035 1544 3209 1604 noscere
3241 1544 3448 1604 quisquis
3473 1545 3615 1605 amas.

2560 1607 2651 1667 Nam
2699 1608 2790 1668 tibi
2811 1608 3047 1668 distinctum
3102 1608 3325 1668 punctis/
3346 1609 3506 1669 uirisque
3520 1608 3687 1668 relectum

2567 1668 2719 1728 Viris/
2734 1672 2952 1732 perfinxit
2980 1672 3089 1732 regia
3119 1672 3328 1732 parisius.

2551 1732 2818 1792 Presserunt
2838 1736 2992 1796 petrus
3018 1736 3219 1796 cesaris/
3239 1736 3380 1796 simul
3400 1739 3493 1799 atque
3512 1736 3686 1796 iohanes

2615 1800 2710 1860 Stol
2731 1800 2751 1860 /
2771 1800 2887 1860 qbus
2915 1800 2976 1860 ars
3010 1800 3120 1860 quod
3154 1800 3290 1860 habet
3318 1800 3441 1860 omne
3475 1800 3625 1860 retulit
3653 1804 3741 1864 eis;

2490 1872 2623 1932 Folio.
2664 1872 2783 1932 [a-11°
2811 1872 2897 1932 m8;
2924 1876 3024 1936 aas.]
3071 1876 3138 1936 126
3178 1872 3325 1932 leaves,
3358 1876 3452 1936 117,
3478 1876 3564 1936 118,
3598 1879 3685 1939 125,
3711 1876 3779 1936 and
3818 1877 3878 1937 126

2435 1924 2574 1984 blank.
2604 1924 2616 1984 2
2641 1924 2840 1984 columns.
2871 1926 2937 1986 62:
2949 1928 2992 1988 33
3016 1928 3131 1988 lines,
3149 1926 3216 1986 183
3234 1925 3252 1985 X
3283 1928 3404 1988 125-7
3428 1928 3531 1988 mm.
3555 1928 3695 1988 Type:
3713 1928 3780 1988 110
3804 1929 3895 1989 GR.

2436 1976 2595 2036 Capital
2611 1976 2770 2036 spaces,
2787 1976 2918 2036 nearly
2946 1979 2997 2039 all
3019 1977 3105 2037 with
3139 1976 3439 2036 guide-letters,
3456 1980 3597 2040 except
3620 1980 3683 2040 the
3711 1980 3881 2040 one-line

2435 2028 2568 2088 spaces
2598 2028 2622 2088 in
2659 2032 2719 2092 the
2750 2032 3022 2092 alphabetical
3040 2032 3161 2092 table.
3198 2032 3295 2092 Hain
3331 2036 3477 2096 13938.

2486 2092 2703 2152 Reprinted
2734 2092 2815 2152 from
2864 2092 2920 2152 the
2951 2092 3094 2152 edition
3125 2092 3162 2152 of
3187 2094 3422 2154 Friburger,
3441 2096 3615 2156 Gering,
3633 2096 3702 2156 and
3733 2096 3893 2156 Crantz,

2440 2146 2529 2206 1472
2559 2144 2648 2204 (IB.
2665 2144 2831 2204 39018),
2850 2144 2932 2204 with
2962 2144 3027 2204 the
3051 2144 3223 2204 addition
3258 2148 3300 2208 of
3324 2148 3336 2208 a
3359 2148 3460 2208 table
3490 2148 3531 2208 of
3549 2148 3733 2208 contents
3757 2148 3881 2208 (1192-

2433 2197 2521 2257 222)
2542 2196 2608 2256 and
2640 2196 2657 2256 a
2684 2196 2826 2256 second
2859 2197 3044 2257 metrical
3067 2200 3285 2260 colophon.

2488 2257 2520 2317 In
2559 2260 2632 2320 this
2658 2260 2730 2320 and
2763 2263 2822 2323 the
2855 2260 2927 2320 two
2954 2260 3157 2320 following
3190 2264 3315 2324 books
3341 2264 3399 2324 the
3426 2264 3518 2324 type
3544 2264 3577 2324 is
3603 2264 3630 2324 in
3662 2264 3714 2324 its
3741 2264 3879 2324 second

2439 2312 2562 2372 state.

2494 2385 2570 2445 277
2598 2386 2715 2446 x202
2757 2389 2875 2449 mm.
2923 2388 3130 2448 Without
3165 2392 3234 2452 the
3269 2392 3358 2452 last
3387 2392 3545 2452 blank.
3587 2392 3649 2452 At
3683 2392 3753 2452 the
3794 2392 3884 2452 foot

2437 2451 2481 2511 of
2517 2452 2618 2512 124°
2656 2448 2692 2508 is
2728 2452 2793 2512 the
2837 2452 3005 2512 formal
3034 2453 3252 2513 signature
3297 2456 3340 2516 of
3369 2456 3413 2516 I.
3449 2456 3785 2516 Defontemarie
3806 2461 3886 2521 (?).

2436 2515 2917 2575 Eighteenth-century
2951 2516 3111 2576 French
3154 2516 3217 2576 red
3251 2516 3481 2576 morocco.

2496 2588 2678 2648 Bought
2700 2592 2730 2652 in
2769 2592 2951 2652 March,
2973 2600 3110 2660 1847.

3619 2596 3706 2656 IB.
3730 2596 3897 2656 39202.

2429 2793 2594 2853 PIUS
2647 2801 2740 2861 II.
2782 2801 2866 2861 De
2907 2800 3136 2860 duobus
3177 2804 3531 2864 amantibus.
3583 2804 3884 2864 Undated.

2505 2884 2576 2944 1a.
2591 2884 2698 2944 Enee
2734 2884 2864 2944 Siluii
2885 2884 3086 2944 Senensis
3122 2888 3244 2948 poete
3265 2888 3452 2948 laureati
3474 2885 3559 2945 uiri
3574 2888 3632 2948 cla
3682 2888 3868 2948 rissimi.

2436 2948 2477 3008 de
2510 2948 2688 3008 duobus
2715 2948 2967 3008 amantibus
2995 2952 3165 3012 historia
3199 2952 3240 3012 ad
3274 2952 3553 3012 Ga-sparum
3608 2952 3717 3012 Slich
3751 2952 3887 3012 militem

2435 3012 2480 3072 ut
2510 3012 2547 3072 ea
2585 3012 2698 3072 legat
2721 3012 2909 3072 feliciter
2939 3015 3135 3075 incipit.)
3181 3016 3249 3076 2b,
3271 3016 3301 3076 l.
3324 3016 3377 3076 2:
3400 3012 3618 3072 Prefatio.
3686 3014 3882 3074 ENeas

2436 3076 2586 3136 siluius
2606 3076 2769 3136 poeta/
2789 3076 3082 3136 imperialisque
3096 3078 3306 3138 secretari
3320 3076 3402 3136 us
3429 3076 3599 3136 Salutem
3647 3076 3857 3136 plurimam

2437 3140 2557 3200 dicit.
2606 3140 2797 3200 mariano
2839 3140 2931 3200 sosi
2959 3140 3001 3200 no
3036 3144 3121 3204 ...
3149 3148 3227 3208 3b,
3248 3144 3283 3204 l.
3305 3140 3382 3200 20:
3403 3140 3566 3200 Incipit
3594 3140 3799 3200 opusculu
3842 3140 3884 3200 de

2432 3200 2610 3260 duobus
2640 3204 2886 3264 auiatibus.
2931 3200 3034 3260 376,
3065 3204 3362 3264 COLOPHON:
3391 3206 3585 3266 Explicit
3615 3204 3860 3264 opusculum

2433 3264 2546 3324 Enee
2584 3268 2712 3328 Siluii
2773 3268 2826 3328 de
2857 3268 3030 3328 duobus
3061 3268 3341 3328 amantibus;

2494 3340 2664 3400 Quarto.
2690 3340 2802 3400 Jab'°
2821 3340 2868 3400 ce
2887 3337 2973 3397 d'°.
3025 3340 3064 3400 38
3097 3340 3241 3400 leaves,
3261 3344 3320 3404 the
3353 3340 3425 3400 last
3445 3344 3582 3404 blank.
3615 3347 3687 3407 42:
3707 3346 3746 3406 24
3772 3345 3890 3405 lines,

2440 3396 2537 3456 132X
2567 3395 2664 3455 81-3
2688 3392 2797 3452 mm.
2828 3392 2974 3452 Type:
2992 3394 3059 3454 110
3089 3396 3187 3456 GR.
3223 3396 3387 3456 Capital
3399 3396 3557 3456 spaces.

2491 3456 2582 3516 This
2616 3456 2758 3516 edition
2798 3456 2895 3516 does
2924 3456 2997 3516 not
3026 3456 3179 3516 contain
3219 3460 3276 3520 the
3315 3456 3486 3516 Epistola
3520 3457 3668 3517 iuueni
3691 3460 3765 3520 non
3805 3460 3878 3520 esse

2431 3508 2638 3568 negandum
2685 3508 2839 3568 amorem
2891 3508 2960 3568 and
2992 3508 3056 3568 the
3087 3508 3262 3568 Epistola
3288 3508 3474 3568 amatoria
3505 3508 3718 3568 composed
3754 3511 3781 3571 in
3818 3508 3876 3568 the

2428 3560 2541 3620 name
2581 3560 2627 3620 of
2661 3560 2779 3620 Duke
2819 3560 3052 3620 Sigismund
3097 3561 3142 3621 of
3176 3564 3335 3624 Austria
3374 3564 3499 3624 which
3544 3564 3606 3624 are
3646 3564 3878 3624 sometimes

2429 3612 2596 3672 inserted
2632 3612 2727 3672 after
2757 3612 2816 3672 the
2846 3614 3037 3674 Praefatio
3066 3612 3096 3672 to
3132 3616 3322 3676 Sozinus.

2491 3686 2567 3746 195
2594 3688 2609 3748 X
2644 3692 2719 3752 145
2755 3688 2873 3748 mm.
2914 3688 3184 3748 Imperfect,
3212 3688 3399 3748 wanting
3441 3690 3510 3750 the
3552 3690 3649 3750 first
3677 3692 3766 3752 leaf
3801 3690 3877 3750 and

2431 3752 2494 3812 the
2544 3752 2699 3812 blank.
2749 3752 2862 3812 Leaf
2897 3752 2918 3812 3
2961 3752 2996 3812 is
3031 3752 3187 3812 bound
3229 3752 3427 3812 between
3476 3756 3618 3816 leaves
3653 3753 3674 3813 7
3724 3756 3802 3816 and
3845 3756 3894 3816 8.

2436 3816 2653 3876 Formerly
2694 3816 2785 3876 part
2813 3816 2855 3876 of
2883 3816 2897 3876 a
2925 3816 3267 3876 tract-volume.

2498 3890 2674 3950 Bought
2697 3892 2730 3952 in
2770 3892 2890 3952 July,
2913 3892 3049 3952 1888.

3614 3892 3703 3952 IA.
3724 3896 3882 3956 39205.

2432 4089 2597 4149 PIUS
2648 4093 2741 4153 II.
2783 4092 2875 4152 De
2917 4096 3133 4156 miseria
3175 4096 3504 4156 curialium.
3587 4096 3886 4156 Undated.

2490 4176 2556 4236 12.
2571 4176 2720 4236 eNeas
2749 4176 2898 4236 siluius
2927 4180 3076 4240 poeta.
3114 4180 3225 4240 S.P.
3247 4180 3351 4240 dicit
3373 4180 3456 4240 dno
3492 4180 3522 4240 io
3566 4180 3671 4240 hani
3693 4180 3737 4240 de
3768 4180 3886 4240 aich.

2426 4240 2626 4300 pspicaci
2686 4240 2730 4300 et
2752 4240 2864 4300 claro
2893 4244 2996 4304 iurum
3019 4244 3071 4304 con
3123 4244 3256 4304 sulto.
3294 4244 3463 4304 Stultos
3494 4244 3582 4304 esse
3641 4248 3663 4308 q
3701 4244 3878 4304 regibus

2431 4302 2621 4362 seruiût.
2692 4308 2787 4368 ...
2819 4308 2914 4368 302,
2946 4308 3239 4368 COLOPHON:
3263 4308 3398 4368 Liber
3429 4308 3477 4368 de
3509 4308 3691 4368 miseriis
3714 4308 3857 4368 curia¬

2426 4368 2515 4428 lium
2567 4368 2751 4428 feliciter
2781 4368 2906 4428 finit;

2494 4436 2657 4496 Quarto.
2703 4433 2847 4493 Ja-cl°.
2913 4439 2953 4499 30
2992 4436 3143 4496 leaves.
3189 4440 3254 4500 32:
3280 4440 3327 4500 24
3366 4437 3483 4497 lines,
3523 4440 3621 4500 132X
3648 4436 3746 4496 80-1
3786 4440 3890 4500 mm.

2435 4488 2568 4548 Type:
2593 4488 2659 4548 110
2690 4488 2787 4548 GR.
2817 4488 2981 4548 Capital
2999 4489 3157 4549 spaces,
3181 4488 3266 4548 with
3297 4492 3601 4552 guide-letters.

2487 4552 2568 4612 The
2595 4553 2682 4613 type
2709 4552 2743 4612 in
2776 4552 2850 4612 this
2877 4552 2978 4612 book
3005 4552 3038 4612 is
3058 4552 3146 4612 very
3180 4552 3307 4612 fresh.

2497 4624 2562 4684 196
2591 4624 2614 4684 X
2643 4628 2715 4688 144
2745 4628 2854 4688 mm.
2892 4628 3118 4688 Formerly
3148 4628 3242 4688 part
3265 4628 3308 4688 of
3330 4628 3396 4688 the
3425 4628 3543 4688 same
3564 4628 3879 4688 tract-volume

2425 4690 2471 4750 as
2501 4691 2569 4751 the
2600 4691 2836 4751 preceding
2867 4692 2965 4752 (IA.
2988 4692 3178 4752 39205).

2496 4764 2668 4824 Bought
2695 4764 2729 4824 in
2764 4768 2884 4828 July,
2911 4764 3040 4824 1888.

3607 4768 3702 4828 IA.
3722 4770 3895 4830 39207.
