4288 6016
397 696 843 756 CORDIALE.
890 688 1155 748 Cordiale
1193 688 1468 748 quattuor
1496 692 1846 752 nouissimo¬

1553 772 1857 832 Undated.

473 780 634 840 rum.

464 864 526 924 1b.
561 860 782 920 Quattuor
817 856 1107 916 nouissimoru
1157 856 1267 916 liber
1350 856 1405 916 de
1440 856 1578 916 morte
1627 856 1682 916 vis
1696 856 1855 916 delicet

414 932 523 992 penis
554 925 710 985 inferni
734 924 750 984 /
766 920 914 980 iuditio
945 920 985 980 et
1008 920 1156 980 celesti
1172 920 1352 980 glorisa.
1383 920 1477 980 quem
1492 920 1657 980 plerique
1673 918 1852 978 cordiale

407 992 672 1052 compellant
712 984 833 1044 cuiquam
857 984 930 1044 pre
978 984 1155 1044 dicanti
1195 984 1397 1044 perutilis
1437 984 1533 1044 atque
1566 980 1847 1040 summopere

402 1055 573 1115 necessa
632 1050 736 1110 rius.
781 1045 1093 1105 autoritatibus
1122 1048 1301 1108 sacrarum
1330 1048 1530 1108 litterarum
1583 1044 1686 1104 exem
1769 1048 1850 1108 plis

406 1120 451 1180 et
474 1116 656 1176 poetarum
678 1112 898 1172 carmibus
929 1109 1072 1169 passim
1125 1112 1345 1172 refulgeus
1413 1112 1602 1172 feliciter
1633 1108 1806 1168 incipit.

422 1180 705 1240 MlEmorare
740 1174 982 1234 nouissima
1024 1175 1120 1235 tua.
1169 1172 1210 1232 et
1245 1173 1307 1233 ine
1362 1172 1501 1232 ternum
1528 1172 1604 1232 non
1645 1172 1846 1232 peccabis

409 1250 472 1310 ...
500 1240 606 1300 71b,
620 1237 916 1297 COLOPHON:
930 1239 1121 1299 Explicit
1143 1236 1248 1296 liber
1269 1236 1459 1296 quatuor
1481 1236 1855 1296 nouissimorum.

413 1308 498 1368 722.
513 1306 742 1366 Incipiunt
763 1304 892 1364 tytuli
907 1300 1093 1360 quatuor
1114 1300 1436 1360 nouissimorum.
1465 1300 1522 1360 Et
1537 1300 1673 1360 primo
1723 1300 1851 1360 ponit

415 1372 664 1432 prohemiu.
705 1364 914 1424 Secundo
955 1364 1124 1424 diuidit
1156 1364 1269 1424 istum
1333 1368 1470 1428 librus
1511 1368 1543 1428 in

409 1436 576 1496 partes.
621 1432 771 1492 Ibid.,
806 1430 841 1490 l.
877 1428 965 1488 20:
1000 1428 1124 1488 Finis
1167 1428 1388 1488 tytulorû.

462 1508 629 1568 Quarto.
665 1501 739 1561 [a12
771 1496 906 1556 b-gl°.
962 1505 1011 1565 72
1042 1501 1190 1561 leaves.
1233 1504 1301 1564 32:
1326 1504 1363 1564 24
1400 1504 1517 1564 lines,
1548 1504 1616 1564 132
1634 1504 1653 1564 X
1677 1504 1721 1564 85
1758 1504 1856 1564 mm.

414 1564 547 1624 Type:
565 1556 631 1616 110
662 1556 758 1616 GR.
795 1556 958 1616 Capital
976 1556 1135 1616 spaces,
1159 1556 1262 1616 some
1292 1556 1383 1616 with
1413 1556 1715 1616 guide-letters.
1746 1556 1849 1616 Hain

415 1618 528 1678 5694.
561 1612 886 1672 Gesamtkatalog
919 1612 1039 1672 7471.

461 1684 540 1744 The
568 1680 654 1740 first
677 1680 780 1740 three
808 1678 1048 1738 type-pages
1076 1678 1133 1738 are
1162 1680 1247 1740 only
1282 1680 1321 1740 79
1350 1677 1453 1737 mm.
1476 1676 1595 1736 wide.

461 1752 491 1812 In
521 1751 598 1811 this
622 1748 693 1808 and
723 1748 783 1808 the
812 1744 1014 1804 following
1044 1744 1145 1804 tract
1163 1747 1229 1807 the
1253 1748 1342 1808 type
1372 1748 1402 1808 is
1425 1748 1455 1808 in
1485 1748 1533 1808 its
1556 1748 1657 1808 third
1687 1748 1806 1808 state.

464 1820 539 1880 The
580 1816 789 1876 ascription
835 1814 876 1874 of
911 1815 986 1875 this
1022 1816 1126 1876 tract
1149 1814 1184 1874 to
1225 1816 1429 1876 Gerardus
1463 1816 1509 1876 de
1551 1816 1865 1876 Vliederhoven,

404 1875 569 1935 adopted
609 1870 637 1930 in
677 1871 740 1931 the
774 1868 945 1928 German
984 1868 1132 1928 section
1172 1868 1212 1928 of
1240 1868 1320 1928 this
1354 1868 1593 1928 Catalogue,
1621 1868 1786 1928 appears
1815 1868 1848 1928 to

411 1929 455 1989 be
480 1924 738 1984 unjustified.

465 1997 578 2057 210X
613 1998 684 2058 144
727 1996 847 2056 mm.
897 1996 1194 2056 Rubricated.
1244 1996 1457 2056 Remains
1492 1996 1541 2056 of
1577 1996 1861 2056 manuscript

406 2064 679 2124 signatures.

1584 2140 1676 2200 IA.
1701 2141 1868 2201 39218.

471 2144 645 2204 Bought
668 2144 698 2204 in
736 2142 1017 2202 November,
1048 2144 1177 2204 1850.

414 2431 796 2491 FLORIUS,
824 2432 1225 2492 FRANCISCUS.
1272 2429 1349 2489 De
1396 2432 1577 2492 amore
1625 2432 1853 2492 Camilli

488 2516 540 2576 et
576 2516 1221 2576 Emiliae.—Leonardi
1256 2512 1487 2572 Aretini
1522 2512 1742 2572 libellus
1787 2512 1848 2572 de

486 2592 712 2652 duobus
766 2592 1101 2652 amantibus
1164 2592 1489 2652 Guiscardo
1553 2592 1616 2652 et
1670 2594 1850 2654 Sigis¬

483 2676 691 2736 munda
733 2676 792 2736 ex
833 2676 1133 2736 Boccaccio
1183 2674 1649 2734 transfiguratus.

1554 2756 1856 2816 Undated.

470 2840 537 2900 22.
566 2840 796 2900 Francisci
826 2840 975 2900 Florii
1004 2840 1256 2900 Florentini
1294 2840 1339 2900 de
1383 2840 1532 2900 amore
1576 2837 1725 2897 Camil
1747 2840 1777 2900 li
1813 2840 1858 2900 et

416 2904 561 2964 Emilie
589 2904 914 2964 aretinorum/
934 2903 984 2963 ad
1018 2904 1294 2964 Guillermum
1350 2904 1433 2964 tar-
1454 2904 1592 2964 diuum
1647 2904 1855 2964 prologus

423 2968 595 3028 feliciter
617 2968 790 3028 incipit.
847 2964 898 3024 sI
926 2967 1063 3027 adhuc
1091 2968 1250 3028 diutius
1279 2968 1322 3028 quam
1329 2968 1473 3028 tardum
1524 2964 1660 3024 ulixem
1710 2964 1818 3024 casta

416 3028 714 3088 expectauerit
761 3029 1005 3089 penelope.

1102 3034 1176 3094 ..
1219 3036 1286 3096 42,
1329 3032 1367 3092 l.
1403 3032 1462 3092 4:
1491 3028 1689 3088 Fracisci
1719 3028 1865 3088 Florii

417 3092 625 3152 Florêtini
661 3092 711 3152 de
746 3092 897 3152 amore
940 3093 1256 3153 Camilliet
1292 3092 1442 3152 Emilie
1485 3092 1701 3152 aretinoru
1744 3092 1858 3152 liber

417 3156 589 3216 feliciter
618 3156 797 3216 incipit.
833 3157 926 3217 422,
948 3156 1242 3216 COLOPHON:
1264 3156 1494 3216 Francisci
1516 3156 1651 3216 Florii
1673 3156 1852 3216 Floren¬

417 3218 495 3278 tini
553 3220 610 3280 de
682 3220 863 3280 duobus
891 3220 1143 3280 amantibus
1171 3220 1286 3280 liber
1316 3220 1431 3280 felici
1481 3219 1546 3279 ter
1574 3220 1769 3280 expletus
1804 3218 1868 3278 est

417 3281 607 3341 turonis.
636 3281 782 3341 editus
804 3282 833 3342 in
892 3284 1023 3344 domo
1052 3284 1221 3344 domini
1243 3284 1484 3344 Guillermi
1499 3284 1616 3344 archi
1645 3280 1863 3340 sepiscopi

422 3344 650 3404 turonensis.
699 3345 837 3405 pridie
872 3348 990 3408 kalen
1052 3347 1129 3407 das
1163 3348 1364 3408 ianuarii.
1398 3348 1530 3408 Anno
1558 3345 1641 3405 dni
1662 3344 1835 3404 millesi¬

419 3408 1141 3468 moquadringentesimosexagesi
1189 3410 1487 3470 moseptimo,
1550 3409 1654 3469 42b.
1696 3408 1869 3468 Incipit

418 3471 519 3531 alius
545 3472 712 3532 libellus
740 3472 779 3532 de
806 3472 980 3532 duobus
1007 3472 1254 3532 amantibus
1308 3476 1381 3536 per
1408 3472 1662 3532 Leonardum
1709 3471 1869 3531 aretini

410 3532 446 3592 in
474 3536 612 3596 latinum
633 3536 669 3596 ex
699 3536 901 3596 boccacio
958 3539 1334 3599 transfiguratus;
1370 3536 1472 3596 cVm
1515 3536 1659 3596 sepius
1688 3536 1833 3596 mecum

412 3596 569 3656 egisses
596 3600 610 3660 /
630 3603 678 3663 ..
699 3604 712 3664 .
746 3603 842 3663 432.
869 3600 1026 3660 Sequit
1047 3600 1422 3660 transfiguratio/
1436 3600 1552 3660 quam
1600 3596 1859 3656 Leonardus

423 3661 467 3721 de
525 3664 780 3724 Guiscardo
817 3664 861 3724 et
883 3664 1161 3724 Sigismunda
1190 3664 1416 3724 Tancredi
1430 3664 1650 3724 filia.in
1679 3663 1839 3723 latinum

424 3726 460 3786 ex
495 3728 690 3788 boccacio
726 3728 963 3788 conuertit.
1006 3728 1099 3788 502.
1121 3728 1243 3788 Finit
1265 3728 1465 3788 feliciter.

479 3800 643 3860 Quarto.
688 3800 833 3860 [a-e1°.
898 3802 938 3862 50
984 3800 1135 3860 leaves,
1161 3800 1227 3860 the
1259 3800 1351 3860 first
1384 3800 1522 3860 blank.
1568 3801 1633 3861 52:
1666 3800 1712 3860 24
1751 3800 1869 3860 lines,

431 3852 520 3912 132X
552 3855 642 3915 82-3
674 3852 784 3912 mm.
822 3856 963 3916 Type:
989 3855 1054 3915 110
1092 3855 1189 3915 GR.
1227 3856 1388 3916 Capital
1413 3856 1567 3916 spaces,
1594 3852 1735 3912 mostly
1767 3852 1857 3912 with

419 3905 717 3965 guide-letters.
751 3908 855 3968 Hain
883 3911 1007 3971 7192.

1984 675 2095 735 183X
2130 679 2206 739 135
2241 676 2359 736 mm.
2394 672 2519 732 Fully
2560 675 2831 735 rubricated.
2873 675 2915 735 In
2956 672 3026 732 the
3067 676 3130 736 top
3172 676 3297 736 cover
3331 676 3366 736 is

1926 740 2082 800 written
2122 740 2135 800 a
2161 740 2259 800 note
2311 740 2540 800 Bruxelles
2573 740 2671 800 Mai
2697 740 2841 800 1836'.
2867 740 2972 800 From
3031 740 3096 800 the
3128 740 3351 800 collection

1916 804 1966 864 of
1987 804 2044 864 F.
2073 804 2371 864 Vergauwen.

1979 884 2161 944 Bought
2185 884 2217 944 in
2257 884 2384 944 May,
2407 884 2542 944 1884.

3091 883 3183 943 IA.
3206 888 3367 948 39212.

1919 1132 2497 1192 AUGUSTINUS.
2554 1136 2638 1196 De
2684 1132 2945 1192 conflictu
3001 1132 3244 1192 vitiorum
3319 1132 3374 1192 et

3074 1212 3371 1272 Undated.

1999 1216 2305 1276 virtutum.

1978 1300 2041 1360 22.
2062 1300 2231 1360 Incipit
2252 1300 2358 1360 liber
2386 1300 2506 1360 beati
2527 1300 2759 1360 augustini
2780 1300 2822 1360 de
2858 1300 3055 1360 conflictu
3090 1296 3259 1356 viciorum
3309 1296 3372 1356 et

1920 1364 2120 1424 machina
2160 1364 2347 1424 virtutum.
2400 1364 2614 1424 Sequttur
2654 1362 2914 1422 prohemium.
3001 1360 3242 1420 aPostolica
3288 1361 3361 1421 vox

2402 1432 2488 1492 ...
2531 1428 2625 1488 18a,
2646 1425 2942 1485 COLOPHON:
2963 1424 3157 1484 Explicit
3179 1424 3287 1484 liber
3316 1424 3366 1484 de

1916 1428 2082 1488 clamat
2110 1429 2186 1489 per
2214 1428 2338 1488 orbez

2448 1492 2653 1552 machina
2686 1492 2877 1552 virtutum
2930 1488 3049 1548 beati
3075 1488 3313 1548 augustini.

1926 1492 2117 1552 conflictu
2157 1492 2336 1552 viciorum
2356 1492 2396 1552 et

1976 1566 2146 1626 Quarto.
2185 1567 2264 1627 Ja1°
2297 1564 2382 1624 b8.]
2428 1570 2468 1630 18
2507 1564 2651 1624 leaves,
2684 1564 2743 1624 the
2775 1564 2867 1624 first
2893 1564 3038 1624 blank.
3077 1558 3150 1618 82:
3176 1564 3215 1624 24
3254 1564 3372 1624 lines,

1924 1620 1989 1680 131
2007 1620 2024 1680 X
2054 1620 2096 1680 83
2119 1620 2220 1680 mm.
2249 1620 2391 1680 Type:
2409 1618 2475 1678 110
2504 1618 2599 1678 GR.
2628 1616 2788 1676 Capital
2806 1619 2960 1679 spaces,
2977 1616 3090 1676 many
3114 1616 3197 1676 with
3226 1616 3368 1676 guide-

1916 1672 2072 1732 letters.
2105 1672 2200 1732 Hain
2239 1672 2356 1732 2087.
2395 1672 2718 1732 Gesamtkatalog
2751 1672 2868 1732 2940.

1968 1740 2004 1800 In
2039 1740 2110 1800 this
2141 1740 2206 1800 and
2235 1740 2295 1800 the
2325 1740 2527 1800 following
2556 1740 2658 1800 tract
2676 1740 2735 1800 the
2764 1740 2854 1800 type
2877 1740 2907 1800 is
2931 1740 2960 1800 in
2991 1740 3038 1800 its
3068 1736 3181 1796 latest
3199 1740 3317 1800 state.

1979 1809 2071 1869 This
2107 1808 2211 1868 tract
2240 1808 2269 1868 is
2304 1808 2478 1868 retained
2519 1808 2646 1868 under
2682 1808 2745 1868 the
2780 1808 2949 1868 heading
3001 1804 3280 1864 Augustinus'
3309 1808 3366 1868 for

1924 1860 2208 1920 convenience,
2236 1860 2310 1920 but
2333 1864 2498 1924 appears
2532 1860 2566 1920 to
2600 1860 2645 1920 be
2679 1860 2793 1920 really
2827 1860 2890 1920 the
2923 1860 3020 1920 work
3060 1860 3100 1920 of
3128 1856 3367 1916 Ambrosius

1916 1912 2161 1972 Autpertus.
2194 1914 2280 1974 The
2308 1916 2388 1976 text
2410 1916 2451 1976 of
2473 1916 2547 1976 this
2570 1915 2712 1975 edition
2746 1912 2871 1972 ends:
2888 1916 2933 1976 ..
2950 1914 2962 1974 .
2985 1912 3149 1972 carnalia
3178 1908 3365 1968 desideria

1919 1968 2206 2028 conculcemus
2234 1968 2389 2028 Amen.

1982 2044 2054 2104 202
2086 2040 2099 2100 X
2137 2044 2208 2104 139
2240 2044 2356 2104 mm.

1983 2124 2156 2184 Bought
2180 2124 2220 2184 in
2251 2124 2534 2184 November,
2559 2124 2692 2184 1898.

3095 2124 3186 2184 IA.
3211 2124 3376 2184 39216.

1925 2336 2374 2396 CORDIALE.
2412 2340 2679 2400 Cordiale
2718 2336 2986 2396 quattuor
3024 2336 3367 2396 nouissimo¬

3072 2416 3372 2476 Undated.

1993 2420 2158 2480 rum.

1987 2504 2050 2564 1b.
2082 2508 2288 2568 Quatuor
2320 2506 2613 2566 nouissimoru
2652 2504 2764 2564 liber
2843 2502 2899 2562 de
2938 2500 3073 2560 morte
3120 2500 3160 2560 vi
3216 2500 3366 2560 delicet

1927 2572 2045 2632 penis
2074 2568 2282 2628 inferni/
2304 2568 2460 2628 iudicio
2497 2571 2541 2631 et
2564 2568 2719 2628 celesti
2741 2568 2801 2628 glo
2853 2568 2941 2628 ria.
2979 2564 3068 2624 quem
3097 2564 3253 2624 plerique
3275 2564 3364 2624 cor¬

1927 2632 2027 2692 diale
2063 2632 2336 2692 compellant
2364 2632 2479 2692 cuiquam
2493 2637 2530 2697 pro
2551 2632 2716 2692 dicanti
2745 2628 2946 2688 perutilis
2975 2628 3068 2688 atque
3082 2628 3362 2688 summopere

1921 2696 2097 2756 necessa
2154 2696 2260 2756 rius.
2309 2696 2620 2756 autoritatibus
2656 2692 2832 2752 sacrarum
2861 2692 3214 2752 litterarum/exem
3285 2690 3370 2750 plis

1927 2764 1962 2824 et
1990 2760 2174 2820 poetarum
2202 2760 2421 2820 carmibus
2449 2760 2590 2820 passim
2640 2756 2865 2816 refulgens
2929 2753 3120 2813 feliciter
3148 2756 3325 2816 incipit.

1940 2824 2226 2884 MlEmorare
2253 2824 2493 2884 nouissima
2520 2822 2613 2882 tua.
2652 2820 2693 2880 et
2720 2820 2860 2880 ineter
2913 2816 2992 2876 num
3046 2816 3126 2876 non
3166 2816 3366 2876 peccabis

1921 2890 1999 2950 ...
2028 2888 2129 2948 71b,
2151 2887 2438 2947 COLOPHON:
2453 2884 2647 2944 Explicit
2668 2884 2769 2944 liber
2798 2880 2985 2940 quatuor
3006 2880 3381 2940 nouissimorum.

1941 2948 2016 3008 122.
2050 2948 2281 3008 Incipiunt
2315 2948 2444 3008 tytuli
2478 2948 2669 3008 quatuor
2703 2944 3030 3004 nouissimorum.
3078 2944 3139 3004 Et
3172 2944 3309 3004 primo

1921 3016 2049 3076 ponit
2074 3012 2331 3072 porhemium.
2372 3012 2574 3072 Secundo
2606 3009 2767 3069 diuidit
2792 3008 2897 3068 istum
2954 3008 3091 3068 librum
3187 3008 3219 3068 in
3260 3007 3364 3067 qua¬

1928 3080 2024 3140 tuor
2045 3076 2214 3136 partes.
2252 3076 2391 3136 Ibid.,
2413 3077 2442 3137 l.
2464 3076 2545 3136 20:
2567 3076 2685 3136 Finis
2714 3072 2985 3132 tytulorum.

1981 3151 2147 3211 Quarto.
2187 3149 2254 3209 [al2
2280 3141 2414 3201 b-gl°.
2460 3151 2507 3211 72
2534 3148 2687 3208 leaves.
2720 3148 2780 3208 32:
2800 3145 2840 3205 24
2874 3145 2993 3205 lines,
3013 3148 3113 3208 132X
3140 3144 3240 3204 81-4
3267 3144 3373 3204 mm.

1928 3204 2067 3264 Type:
2098 3201 2168 3261 110
2212 3201 2313 3261 GR.
2364 3204 2527 3264 Capital
2559 3203 2723 3263 spaces,
2755 3200 2774 3260 a
2818 3199 2875 3259 few
2938 3197 3026 3257 with
3071 3196 3373 3256 guide-letters.

1933 3256 2249 3316 Gesamtkatalog
2284 3256 2404 3316 7472.

1987 3320 2075 3380 With
2113 3324 2170 3384 the
2195 3324 2296 3384 same
2328 3320 2479 3380 quiring
2510 3320 2574 3380 and
2611 3320 2915 3380 page-contents
2940 3316 2972 3376 as
2997 3319 3059 3379 the
3085 3316 3199 3376 other
3218 3316 3363 3376 edition

1925 3378 2141 3438 assignable
2172 3376 2203 3436 to
2234 3376 2309 3436 this
2333 3376 2445 3436 press
2469 3376 2562 3436 (IA.
2581 3373 2729 3433 39218,
2748 3372 2908 3432 above).

1982 3444 2064 3504 The
2089 3444 2266 3504 rounded
2291 3444 2310 3504 d
2335 3441 2423 3501 with
2455 3444 2632 3504 flattened
2663 3440 2758 3500 head
2789 3440 2909 3500 which
2934 3440 2965 3500 is
2984 3436 3104 3496 found
3136 3436 3218 3496 only
3249 3436 3275 3496 in
3306 3436 3369 3496 the

1930 3496 2090 3556 present
2116 3497 2219 3557 tract
2238 3500 2270 3560 is
2302 3496 2495 3556 generally
2527 3496 2707 3556 confined
2745 3492 2777 3552 to
2810 3492 2874 3552 the
2906 3492 3022 3552 outer
3047 3492 3176 3552 sheets
3208 3490 3254 3550 of
3279 3488 3362 3548 each

1932 3552 2068 3612 quire.

1989 3624 2064 3684 209
2089 3624 2106 3684 X
2139 3627 2216 3687 141
2249 3624 2367 3684 mm.
2409 3624 2536 3684 Fully
2569 3620 2847 3680 rubricated.
2889 3616 3100 3676 Remains
3133 3616 3184 3676 of
3218 3616 3369 3676 manu¬

1932 3688 2070 3748 script
2094 3688 2299 3748 quiring.
2348 3687 2396 3747 In
2437 3684 2511 3744 the
2552 3684 2682 3744 lower
2715 3684 2846 3744 cover
2878 3684 2919 3744 is
2959 3680 3107 3740 pasted
3147 3680 3171 3740 a
3213 3678 3367 3738 biblio¬

1933 3752 2156 3812 graphical
2192 3748 2441 3808 adnotatio'
2469 3748 2638 3808 bearing
2674 3748 2746 3808 the
2772 3748 2933 3808 initials
2959 3745 3049 3805 IEH
3093 3744 3218 3804 John
3264 3744 3379 3804 Eliot

1932 3816 2185 3876 Hodgkin).
2235 3812 2350 3872 With
2382 3812 2456 3872 the
2481 3812 2735 3872 book-plate
2768 3812 2818 3872 of
2834 3812 2891 3872 E.
2908 3810 2965 3870 F.
2989 3808 3268 3868 Bosanquet.

3102 3888 3187 3948 IA.
3213 3892 3375 3952 39219.

1994 3896 2222 3956 Presented
2259 3896 2290 3956 in
2328 3892 2601 3952 December,
2632 3892 2761 3952 1926.
